1573 2508
112 93 197 135 246
605 91 689 126 XXI
717 96 768 136 10,
793 96 915 137 5-12,
945 96 960 127 1

114 186 338 242 Illyricum
372 189 551 241 spectat,
583 185 755 227 mollius
788 185 904 228 edita
923 186 1044 228 uelut
1075 186 1248 229 incauta
1280 186 1458 229 subinde

113 249 350 300 superatur.
413 245 527 287 latus
565 259 667 286 uero
706 257 726 286 e
760 245 936 300 regione
977 245 1223 299 oppositum
1261 244 1458 288 Thraciis

113 319 250 359 prona
288 304 536 345 humilitate
575 303 803 358 deruptum
840 303 1024 358 hincque
1063 306 1104 345 et
1145 304 1240 346 inde
1272 304 1458 360 fragosis

112 363 362 405 tramitibus
405 362 642 417 inpeditum
683 362 858 404 difficile
903 362 1120 404 scanditur
1165 363 1296 404 etiam
1338 363 1459 405 nullo

112 424 299 464 uetante.
362 422 440 463 sub
478 421 559 463 hac
597 421 825 463 altitudine
858 434 1066 476 aggerum
1098 421 1328 476 utrubique
1365 435 1494 476 spa-⁵

111 481 226 522 tiosa
268 495 517 535 camporum
560 480 764 534 planities
809 481 939 534 iacet,
990 481 1184 534 superior
1228 479 1281 521 ad
1324 493 1460 535 usque

112 538 247 581 Iulias
286 539 420 593 Alpes
461 541 652 592 extenta,
684 539 863 581 inferior
902 539 963 581 ita
1002 539 1202 593 resupina
1241 540 1283 580 et
1319 538 1459 592 panda.

112 601 160 640 ut
192 598 324 640 nullis
357 598 578 640 habitetur
599 598 836 640 obstaculis
857 598 909 639 ad
943 612 1075 653 usque
1108 598 1263 639 fretum
1297 599 1339 638 et
1358 597 1461 639 Pro-

110 657 344 713 pontidem.
972 677 976 681 >

231 715 270 757 5.
302 715 383 757 His
417 718 464 756 ut
503 715 547 756 in
585 729 630 756 re
669 716 749 757 tali
786 717 961 770 tamque
998 715 1171 769 urgenti
1210 715 1459 769 conpositis,
1480 731 1513 755 10

113 774 325 829 magistro
380 774 572 829 equitum
616 774 706 815 illic
752 774 904 815 relicto
948 774 1185 828 imperator
1229 773 1460 815 reuertitur

111 832 326 875 Naessum
360 833 580 887 copiosum
613 833 828 887 oppidlun,
867 847 949 887 quo
982 833 1275 887 inpraepedite
1308 834 1459 874 mulcta

111 891 359 946 disponeret
392 891 479 933 suis
500 892 764 933 utilitatibus
797 892 1034 946 profutura.
1084 892 1122 932 6.
1147 891 1219 933 ubi
1239 890 1460 932 Victorem

111 951 223 1005 apud
257 950 461 992 Sirmium
494 951 632 992 uisum
665 951 919 1004 scriptorem
950 950 1205 991 historicum
1226 950 1460 1004 exindeque

110 1009 256 1051 uenire
300 1011 601 1063 praeceptum,
645 1009 894 1051 Pannoniae
939 1009 1147 1050 secundae
1192 1008 1459 1050 consularem
1481 1023 1513 1049 15

110 1067 318 1123 praefecit
349 1070 393 1109 et
423 1067 654 1109 honorauit
687 1082 818 1109 aenea
851 1070 1007 1122 statua,
1038 1068 1179 1109 uirum
1211 1066 1459 1109 sobrietatis

113 1127 257 1181 gratia
272 1126 586 1180 aemulandum,
606 1127 741 1168 multo
763 1128 862 1181 post
874 1127 971 1168 urbi
991 1126 1267 1180 praefectum.
1307 1126 1344 1167 7.
1358 1125 1462 1167 iam-

111 1200 192 1241 que
225 1186 354 1228 altius
388 1200 431 1226 se
465 1185 678 1227 extollens
712 1187 752 1227 et
790 1200 1024 1240 numquam
1062 1184 1235 1226 credens
1274 1184 1327 1226 ad
1366 1197 1462 1225 con-

111 1244 302 1287 cordiam
321 1244 550 1299 prouocari
570 1259 697 1298 posse
719 1244 1036 1298 Constantium,
1057 1244 1299 1285 orationem
1321 1257 1461 1285 acrem

110 1306 153 1346 et
192 1303 467 1358 immeffiuam,
503 1303 663 1358 probra
695 1303 903 1358 quaedam
941 1304 986 1344 in
1023 1317 1119 1344 eum
1157 1302 1461 1357 explanantem
1480 1312 1514 1338 20

111 1364 155 1404 et
194 1362 312 1417 uitia,
350 1362 584 1416 scripserat
623 1362 675 1403 ad
713 1365 922 1404 senatum.
985 1377 1092 1416 quae
1131 1375 1226 1403 cum
1265 1360 1460 1402 Tertullo

112 1420 443 1463 administrante
476 1420 612 1462 adhuc
650 1422 967 1475 praefecturam
998 1420 1281 1462 recitarentur
1318 1420 1363 1461 in
1395 1434 1463 1461 cu-

109 1480 188 1534 ria,
226 1480 407 1522 eminuit
443 1479 689 1521 nobilitatis
723 1495 818 1522 cum
850 1480 1045 1534 speciosa
1075 1479 1230 1520 fiducia
1268 1477 1460 1533 benigni-

109 1540 178 1580 tas
210 1542 349 1593 grata.
412 1539 700 1580 exclamatum
733 1542 797 1580 est
829 1539 942 1579 enim
974 1538 1019 1579 in
1050 1552 1180 1579 unum
1212 1539 1460 1579 cunctorum

111 1598 326 1639 sententia
347 1600 608 1652 congruente
627 1597 806 1639 ‘auctori
833 1600 906 1638 tuo
928 1597 1215 1638 reuerentiam
1235 1596 1460 1651 rogamus.’
1482 1605 1515 1631 25

230 1657 268 1698 8.
307 1655 425 1697 Tunc
465 1659 507 1697 et
545 1656 796 1697 memoriam
837 1654 1113 1697 Constantini
1151 1658 1199 1696 ut
1235 1653 1461 1697 nouatoris

111 1714 434 1769 turbatorisque
480 1715 719 1769 priscarum
769 1715 915 1769 leglun
960 1717 1002 1755 et
1045 1714 1178 1755 moris
1224 1714 1461 1768 antiquitus

109 1774 272 1828 recepti
311 1774 501 1828 uexauit,
539 1788 636 1815 eum
669 1777 815 1828 aperte
848 1774 1061 1826 incusans,
1100 1772 1210 1827 quod
1252 1772 1461 1814 barbaros

111 1832 303 1874 omnium
344 1833 507 1887 primus
550 1832 602 1874 ad
643 1847 777 1887 usque
819 1832 957 1874 fasces
997 1834 1176 1873 auxerat
1208 1834 1250 1872 et
1287 1831 1461 1873 trabeas

111 1891 371 1945 consulares,
403 1891 564 1932 insulse
595 1892 800 1933 nimirum
833 1894 874 1932 et
906 1891 1071 1944 leuiter,
1103 1890 1176 1945 qui
1208 1904 1303 1932 cum
1322 1889 1462 1932 uitare
1482 1901 1516 1927 ³0

111 1949 286 1992 deberet
318 1950 360 1991 id
380 1950 493 2004 quod
525 1950 723 1992 infestius
757 1950 1018 2005 obiurgauit,
1050 1949 1171 1990 breui
1202 1951 1354 2004 postea.
1373 1948 1462 1990 Ma-

201 2062 220 2092 2
248 2069 266 2092 e
291 2059 396 2103 qua
419 2067 485 2093 om.
507 2058 542 2093 V
585 2064 605 2094 5
629 2060 717 2102 fort.
740 2070 807 2094 scr.
832 2059 1000 2104 speciosa
1025 2058 1083 2102 (cf.
1102 2060 1158 2100 14,
1180 2061 1214 2101 8,
1231 2061 1270 2100 8)
1317 2061 1336 2092 7
1361 2067 1461 2093 resu-

139 2102 202 2137 ina.
221 2103 291 2137 GA
309 2114 365 2137 res
395 2104 457 2138 ina
477 2103 677 2148 Vrespuut
692 2105 728 2139 P
777 2108 819 2140 10
842 2104 910 2138 tali
926 2105 1079 2147 tamque
1108 2103 1177 2138 ΘΑ
1201 2102 1387 2148 <t>aliam
1415 2113 1461 2137 ue

111 2113 342 2190 {sanamque
402 2148 584 2192 aliaqueb
633 2152 672 2183 12
686 2149 735 2183 im
752 2149 960 2201 ›raepedite
974 2147 1141 2183 Valesius
1153 2148 1381 2193 indepraepe
1413 2148 1461 2182 'te

117 2191 222 2226 VAP
256 2195 295 2226 17
311 2193 431 2226 “tatia
444 2193 710 2228 aemulandum
755 2194 890 2229 ales-tus
902 2193 1046 2239 gratiae
1059 2193 1266 2234 mutilan(n
1279 2203 1461 2238 suprascr.

117 2235 260 2274 V)dum
273 2220 341 2270 VJ'
353 2237 474 2282 gratia
486 2238 751 2273 multilaudum
766 2239 834 2284 bya
882 2238 990 2273 ¹*urbi
1002 2237 1071 2272 GA
1080 2238 1144 2272 ubi
1157 2238 1246 2273 VPb
1293 2241 1334 2273 18
1348 2248 1385 2272 se
1401 2248 1461 2272 cx-

113 2281 248 2317 tollens
275 2280 307 2317 G
334 2283 391 2316 est
415 2283 453 2316 ct
476 2282 612 2317 tollens
641 2283 708 2318 VP
803 2287 842 2319 19
867 2294 974 2328 posse
1004 2283 1053 2325 ad
1077 2283 1113 2318 P
1204 2287 1244 2317 21
1278 2283 1327 2318 ad
1357 2292 1460 2317 sena-

112 2327 193 2361 tum
231 2346 275 2376 —.
310 2329 353 2360 22
389 2327 662 2371 praefecturam
694 2327 706 2371 [
723 2332 797 2362 =1
831 2328 899 2366 lin.
929 2328 983 2363 ed.
1007 2322 1218 2408 &om'tssoet
1243 2329 1461 2363 cunctorum

116 2372 303 2407 sententia
326 2374 506 2416 transpos.
531 2372 572 2408 rb
664 2376 707 2408 29
733 2373 851 2408 fasces
874 2373 942 2418 δρα
967 2373 1067 2410 faces
