1614 2549
355 62 694 99 CONSTANTIVS
718 61 780 96 ET
807 61 993 96 GALLVS
1018 65 1085 96 354
1337 63 1393 109 41

48 159 145 200 dam
165 160 434 211 peremptum
455 155 729 198 Constantini
759 155 897 196 filium
921 155 1162 208 accepimus
1184 153 1398 208 Crispum.

48 217 117 259 21.
131 219 175 257 et
189 230 284 257 cum
303 215 366 256 ibi
387 218 631 256 seruaretur
646 214 861 256 artissime
881 216 1045 255 terrore
1064 213 1396 267 propinquantis

50 274 169 316 exitii
201 274 287 315 iam
306 274 618 328 praesepultus,
651 273 835 314 accurrit
854 272 1068 313 Eusebius
1090 272 1275 313 cubiculi
1293 273 1394 313 tunc

48 333 317 388 praepositus
329 332 647 386 Pentadiusque
667 331 862 372 notarius
884 334 926 372 et
940 330 1238 371 Mallobaudes
1260 345 1399 372 arma-

14 408 30 434 5
49 395 243 433 turarum
288 391 484 432 tribunus
528 391 646 431 iussu
690 390 964 443 imperatoris
1007 389 1256 442 conpulsuri
1300 403 1397 430 eum

50 450 311 504 singillatim
349 450 519 503 docere,
564 463 692 503 quam
730 449 783 489 ob
824 462 997 489 causam
1037 462 1246 501 quemque
1286 447 1397 501 apud

49 508 327 550 Antiochiam
351 510 601 549 necatorum
627 507 811 548 iusserat
837 506 1055 547 trucidari.
1118 506 1186 546 22.
1213 506 1266 546 ad
1287 520 1395 560 quae

49 567 262 608 Adrasteo
283 567 449 620 pallore
480 567 679 621 perfusus
711 565 918 606 hactenus
952 564 1090 606 ualuit
1122 564 1252 618 loqui,
1285 565 1398 618 quod

49 626 278 680 plerosque
322 626 528 667 incitante
574 624 754 678 coniuge
799 623 1061 678 iugulauerit
1099 621 1398 675 Constantina,

15 703 32 728 o
50 685 254 739 ignorans
286 684 478 738 profecto
500 683 793 725 Alexandrum
824 682 1031 736 Magnum
1064 681 1237 735 urgenti
1267 681 1399 722 matri

50 746 98 784 ut
130 743 344 784 occideret
376 742 587 797 quendam
619 742 851 793 insontem,
891 744 933 782 et
965 740 1184 781 dictitanti
1216 754 1290 794 spe
1322 740 1398 780 im-

50 801 248 856 petrandi
284 804 436 855 postea
468 816 574 855 quae
608 801 741 842 uellet
779 815 875 841 eum
907 814 951 840 se
988 813 1064 853 per
1094 813 1251 839 nouem
1285 813 1399 839 men-

51 875 119 901 ses
151 863 272 901 utero
304 863 500 914 portasse
532 862 860 914 praegnantem,
898 859 961 899 ita
992 857 1265 911 respondisse
1303 872 1399 910 pru-

52 919 200 960 denter
231 918 386 972 ‘aliam,
416 933 571 972 parens
604 918 786 972 optima,
818 932 944 971 posce
977 916 1231 969 mercedem3
1264 915 1399 956 homi-

17 995 33 1021 5
51 977 118 1018 nis
146 977 261 1018 enim
288 978 404 1018 salus
425 977 632 1018 beneficio
658 977 780 1018 nullo
806 976 1041 1030 pensatur.
1104 975 1172 1016 23.
1201 988 1283 1028 quo
1305 988 1401 1015 con-

50 1038 174 1090 petto
207 1036 489 1077 inreuocabili
520 1037 586 1077 ira
616 1036 814 1090 princeps
847 1035 1033 1088 percitus
1068 1037 1110 1075 et
1130 1033 1276 1074 dolore
1297 1032 1400 1073 fidu-

52 1095 163 1135 ciam
201 1109 371 1135 omnem
413 1094 654 1136 fundandae
694 1093 938 1135 securitatis
983 1093 1027 1133 in
1069 1092 1216 1133 eodem
1254 1091 1400 1145 posuit

53 1153 277 1194 abolendo.
327 1156 370 1194 et
401 1154 532 1194 misso
567 1153 814 1205 Sereniano,
847 1166 973 1206 quem
1004 1151 1049 1192 in
1081 1151 1242 1192 crimen
1273 1151 1402 1191 maie-

54 1212 180 1253 statis
212 1214 413 1253 uocatum
449 1211 698 1266 praestigiis
732 1211 987 1265 quibusdam
1026 1209 1275 1251 absolutum
1307 1222 1400 1250 esse

17 1287 34 1314 0
54 1285 183 1324 supra
214 1271 567 1324 monstrauimus,
604 1269 813 1311 Pentadio
847 1269 949 1323 quin
987 1269 1119 1309 etiam
1155 1267 1325 1308 notario
1359 1270 1402 1307 et

54 1329 292 1382 Apodemio
327 1332 480 1383 agente
512 1330 557 1370 in
588 1329 729 1381 rebus,
762 1342 857 1369 eum
890 1327 1067 1380 capitali
1100 1326 1311 1380 supplicio
1335 1326 1402 1366 de-

55 1387 245 1438 stinauit,
289 1390 332 1428 et
374 1387 436 1429 ita
469 1387 701 1441 conligatis
741 1386 940 1428 manibus
985 1386 1030 1426 in
1074 1385 1246 1426 modum
1283 1384 1403 1425 noxii

55 1445 274 1486 cuiusdam
305 1446 486 1487 latronis
520 1447 683 1487 ceruice
717 1445 887 1487 abscisa
919 1448 1147 1498 ereptaque
1180 1443 1326 1484 uultus
1360 1446 1403 1483 et

55 1504 208 1557 capitis
241 1504 454 1559 dignitate
492 1505 673 1546 cadauer
712 1507 777 1545 est
814 1504 1013 1545 relictum
1050 1502 1233 1543 informe
1271 1501 1400 1555 paulo

19 1580 36 1606 5
55 1565 154 1603 ante
174 1563 353 1604 urbibus
375 1566 417 1604 et
436 1564 671 1618 prouinciis
693 1563 982 1604 formidatum.
1015 1562 1083 1602 24.
1105 1561 1179 1601 sed
1200 1560 1403 1614 uigilauit

55 1621 284 1675 utrubique
317 1623 490 1675 superni
521 1622 709 1663 numinis
743 1621 950 1676 aequitas,
1010 1635 1111 1661 nam
1152 1623 1196 1660 et
1228 1618 1403 1659 Gallum

56 1683 175 1720 actus
214 1694 466 1734 oppressere
505 1681 714 1733 crudeles,
760 1683 802 1721 et
845 1694 931 1721 non
969 1679 1041 1720 diu
1084 1680 1237 1732 postea
1275 1677 1401 1718 ambo

55 1738 277 1779 cruciabili
308 1742 445 1779 morte
478 1739 697 1792 absumpti
737 1741 848 1790 sunt,
881 1738 953 1792 qui
986 1752 1082 1778 eum
1120 1737 1222 1778 licet
1252 1750 1404 1777 nocen-

54 1798 144 1836 tem
174 1795 375 1837 blandius
407 1797 634 1851 palpantes
654 1797 856 1850 periuriis
889 1797 942 1837 ad
974 1810 1107 1849 usque
1139 1795 1292 1848 plagas
1313 1809 1404 1847 per-

12 1871 39 1896 20
58 1853 212 1894 duxere
251 1854 416 1895 letales.
485 1869 666 1909 quorum
704 1854 875 1895 Scudilo
914 1854 1208 1895 destillatione
1250 1852 1403 1893 iecoris

55 1912 280 1965 pulmones
312 1913 528 1954 uomitans
560 1913 739 1965 interiit,
770 1912 990 1965 Barbatio,
1023 1911 1096 1964 qui
1127 1911 1172 1950 in
1192 1925 1288 1950 eum
1319 1910 1405 1951 iam

56 1970 128 2012 diu
159 1970 272 2012 falsa
303 1975 586 2025 conposuerat
619 1971 809 2024 crimina,
842 1984 937 2011 cum
970 1984 1020 2010 ex
1052 1968 1305 2022 magisterio
1336 1982 1406 2021 pe-

56 2028 193 2069 ditmn
225 2029 355 2070 altius
386 2030 469 2071 niti
495 2030 761 2084 quorundam
794 2029 977 2069 susurris
1015 2028 1300 2080 incusaretur,
1336 2026 1407 2067 da-

150 2253 172 2283 4
195 2249 453 2284 mellobaudes
478 2249 580 2284 codd.
631 2252 650 2284 5
676 2247 905 2293 compulsuri
924 2247 958 2281 G
983 2247 1151 2291 conpulsi
1172 2247 1240 2281 VP
1288 2249 1329 2280 16
1353 2245 1409 2279 ira

59 2303 124 2327 om.
148 2294 193 2338 by
284 2298 326 2329 20
351 2304 463 2338 supra
488 2304 553 2328 om.
579 2294 647 2338 hya
740 2297 781 2328 27
808 2294 913 2326 actus
942 2291 1031 2326 VPr
1055 2291 1161 2326 obitu
1186 2292 1251 2336 bya
1345 2301 1407 2335 op-

58 2348 183 2382 presse
214 2338 282 2373 VP
374 2342 414 2372 31
441 2338 515 2372 iam
541 2348 606 2372 om.
636 2339 702 2383 bqa
798 2341 839 2371 33
865 2337 1120 2371 incausaretur
1150 2336 1183 2370 V
