1614 2549
389 61 725 99 CONSTANTIVS
749 64 810 99 ET
835 64 1068 101 IVLIANVS
1094 70 1160 102 359
1372 71 1450 112 161

219 156 287 198 20.
328 156 438 198 Erat
482 171 531 198 eo
570 160 763 212 tempore
809 157 993 214 Satrapa
1037 159 1298 217 Corduenae,
1344 179 1451 218 quae

101 214 429 269 obtemperabat
464 218 673 270 potestati
704 217 950 273 Persarum,
989 218 1238 262 Iouinianus
1275 223 1450 264 nomine

100 274 342 328 appellatus
362 274 409 315 in
428 275 521 316 solo
536 274 732 318 Romano
754 277 1017 332 adulescens,
1038 279 1263 321 nobiscum
1283 281 1450 323 occulte

98 332 283 374 sentiens
318 347 368 375 ea
399 334 552 388 gratia,
584 336 698 389 quod
729 336 949 378 obsidatus
982 340 1097 379 sorte
1136 338 1182 380 in
1215 338 1350 394 Syriis
1384 340 1452 382 de—

61 404 78 430 5
97 392 240 433 tentus
281 394 323 433 et
353 393 576 434 dulcedine
614 394 860 437 liberalium
900 395 1140 437 studiorum
1172 397 1356 441 inlectus
1388 414 1452 441 re·

95 464 239 492 meare
270 451 323 492 ad
360 455 513 493 nostra
544 452 711 494 ardenti
749 454 958 495 desiderio
999 455 1228 509 gestiebat.
1290 458 1358 499 21.
1397 459 1450 500 ad

96 509 209 550 hunc
252 510 407 552 missus
453 524 533 565 ego
579 525 674 553 cum
719 513 964 554 centurione
1010 514 1195 567 quodam
1239 515 1448 559 fidissimo

96 568 359 622 exploratius
379 569 584 612 noscendi
610 571 763 625 gratia,
796 586 903 626 quae
924 573 1199 627 gerebantur,
1231 589 1308 628 per
1328 576 1447 617 auios

94 629 262 669 montes
308 628 613 683 angustiasque
662 631 921 685 praecipites
974 632 1084 673 ueni.
1158 633 1361 688 nisusque
1407 637 1450 676 et

41 700 76 725 ιο
95 686 267 740 agnitus
301 688 562 742 comiterque
595 692 817 743 susceptus
840 705 1011 732 causam
1036 692 1307 744 praesentiae
1328 707 1447 734 meae

92 745 167 786 uni
204 745 272 787 illi
311 747 529 788 confessus
571 748 769 789 adiuncto
814 749 1028 791 taciturno
1063 750 1208 804 aliquo
1254 751 1448 794 locorum

92 804 232 857 perito
277 805 426 847 mittor
471 806 523 847 ad
566 807 807 859 praecelsas
846 823 974 862 rupes
1015 809 1165 850 exinde
1212 810 1342 864 longe
1388 811 1447 852 di-

93 865 274 918 stantes,
310 865 421 906 unde
458 865 544 906 nisi
582 866 804 907 oculorum
837 867 1038 908 deficeret
1070 868 1202 922 acieS,
1243 869 1296 910 ad
1329 870 1448 923 quin-

93 923 390 977 quagesimum
427 939 560 978 usque
599 924 787 978 lapidem
820 926 999 980 quoduis
1042 927 1174 968 etiam
1212 927 1447 970 minutissi-

38 994 72 1020 15
91 995 209 1022 mum
247 983 493 1037 apparebat.
567 983 635 1024 22.
674 983 735 1024 ibi
786 985 946 1025 morati
996 985 1215 1039 integrum
1257 987 1446 1042 biduum,

91 1054 186 1081 cum
206 1041 271 1081 sol
292 1042 444 1083 tertius
467 1041 726 1095 adfulsisset,
759 1043 1035 1085 cernebamus
1063 1046 1278 1086 terrarum
1298 1060 1444 1088 omnes

90 1099 277 1141 ambitus
311 1101 538 1155 subiectOS,
572 1115 677 1155 quos
702 1098 930 1156 ὁρίζοντας
952 1103 1232 1158 appellamus,
1266 1105 1445 1159 agmini-

87 1157 167 1199 bus
201 1159 399 1213 oppletos
438 1160 674 1201 innumeris
715 1163 757 1201 et
796 1164 1094 1216 antegressum
1132 1177 1280 1217 regem
1311 1164 1444 1205 uestis

90 1216 344 1259 claritudine
381 1219 644 1260 rutilantem.
709 1235 835 1274 quem
874 1221 994 1262 iuxta
1031 1221 1180 1263 laeuus
1220 1222 1446 1264 incedebat

35 1290 70 1314 20
90 1274 348 1318 Grumbates
370 1276 668 1319 Chionitarum
700 1293 775 1320 rex
806 1294 944 1321 nouus
978 1282 1118 1321 aetate
1152 1281 1324 1334 quidem
1360 1296 1444 1323 me-

89 1335 158 1376 dia
188 1336 444 1390 rugosisque
476 1337 682 1378 membris
716 1338 790 1378 sed
822 1340 963 1379 mente
992 1339 1175 1393 quadam
1207 1340 1445 1394 grandifica

86 1393 320 1449 multisque
357 1395 640 1437 uictoriarum
677 1396 921 1451 insignibus
960 1397 1139 1452 nobilis,
1180 1399 1330 1440 dextra
1366 1414 1444 1441 rex

85 1451 358 1495 Albanorum
389 1455 486 1509 pari
517 1455 612 1496 loco
647 1457 773 1509 atque
805 1456 969 1497 honore
1003 1457 1220 1511 sublimis3
1253 1460 1352 1511 post
1372 1459 1443 1500 du-

87 1525 154 1552 ces
192 1513 304 1554 uarii
343 1514 597 1555 auctoritate
639 1516 682 1555 et
719 1515 1007 1568 potestatibus
1048 1516 1302 1570 eminentes,
1335 1531 1441 1571 quos

34 1583 68 1609 25
88 1571 286 1613 ordinum
323 1571 516 1614 omnium
553 1573 785 1615 multitudo
826 1575 1086 1628 sequebatur
1119 1589 1171 1616 ex
1201 1575 1443 1617 uicinarum

87 1630 281 1683 gentium
319 1632 547 1673 roboribus
586 1632 716 1685 lecta,
755 1633 808 1674 ad
845 1634 1114 1675 tolerandam
1146 1649 1291 1675 rerum
1323 1649 1442 1689 aspe-

85 1688 261 1730 ritatem
293 1690 504 1732 diuturnis
539 1691 707 1732 casibus
742 1692 920 1733 erudita,
981 1693 1050 1734 23.
1077 1693 1170 1742 Quo
1201 1707 1337 1748 usque
1368 1708 1441 1735 no-

83 1747 152 1788 bis
189 1748 420 1790 Doriscum
459 1749 669 1791 Thraciae
709 1751 912 1804 oppidum
952 1754 994 1792 et
1032 1751 1289 1806 agminatim
1326 1753 1442 1793 intra

85 1810 317 1861 consaepta
348 1809 558 1850 exercitus
590 1810 824 1850 recensitos
854 1809 1035 1852 Graecia
1065 1811 1265 1852 fabulosa
1296 1826 1442 1852 narra-

30 1878 65 1904 30
83 1865 182 1906 bis?
215 1881 310 1907 cum
340 1881 417 1909 nos
452 1869 565 1910 cauti
584 1868 667 1921 uel,
698 1870 746 1909 ut-
766 1869 908 1910 uerius
930 1869 1122 1923 dixerim,
1154 1869 1297 1910 timidi
1328 1869 1440 1911 nihil

172 2091 194 2122 4
207 2088 322 2138 Syriis
335 2109 378 2114 —
393 2093 433 2123 21
449 2089 574 2123 mente
588 2089 752 2132 quadam
765 2090 921 2132 repetita
932 2091 988 2131 (=
1007 2089 1078 2123 VV
1087 2091 1173 2133 PP)
1182 2094 1265 2134 post
1280 2094 1333 2131 19,
1347 2095 1380 2133 2,
1396 2095 1440 2126 14

84 2143 150 2167 san
179 2144 265 2168 ume
285 2135 322 2168 et
338 2134 398 2179 (=
416 2144 456 2177 p.
484 2138 559 2175 174,
587 2138 620 2176 3)
645 2133 770 2175 VPrb3
797 2144 870 2185 ηοπ
887 2138 996 2178 repet.
1019 2134 1089 2169 GA
1136 2141 1156 2171 6
1174 2135 1222 2170 ad
1244 2135 1381 2181 VPbya
1402 2137 1441 2187 et

87 2177 232 2258 {512²}
240 2178 490 2258 ὅθεὲἶέἃῖέ
494 2179 693 2274 ζῗῇξώὲὲ
712 2180 855 2258 θῖωὲξθ
862 2179 1018 2259 5213}ss
1021 2179 1340 2269 Vsspopgffl
1351 2193 1441 2261 ιέῗῖ

83 2267 156 2302 ΡΡ
180 2269 371 2312 opizontas
402 2268 472 2303 VV
494 2270 690 2319 opizontae
716 2269 753 2303 P
817 2273 820 2276 ’
845 2273 887 2304 20
912 2270 1115 2321 grynbates
1144 2270 1212 2305 VP
1237 2274 1268 2320 et
1298 2270 1440 2305 VVPP

81 2322 202 2346 nouus
224 2313 401 2357 Eyssewh.
433 2314 553 2365 nobis·
570 2313 637 2347 VP
661 2317 694 2348 et
723 2314 866 2348 VVPP
888 2315 1022 2349 nobilis
1052 2316 1143 2359 φῦμα
1193 2315 1346 2359 qmdem
1376 2326 1438 2349 ae-

81 2357 161 2391 tate
203 2356 299 2392 V¹P
329 2359 453 2393 aetate
491 2358 644 2402 quldem
679 2358 874 2393 V2VVPP
966 2363 1007 2394 21
1043 2362 1107 2394 sed
1137 2360 1206 2394 VP
1230 2362 1269 2394 et
1297 2360 1440 2394 VVPP

152 2421 330 2448 Amans-vs
350 2423 426 2448 MAR
433 2429 599 2448 cmzmsvs.
1180 2421 1196 2451 1
1204 2422 1220 2451 1
