1614 2549
591 79 823 116 IVLIANVS
848 84 914 116 362
1351 80 1409 122 29
1422 82 1445 120 7

88 175 327 229 conueniet,
358 189 459 216 mox
492 174 767 216 ostendendis
789 175 899 229 aliis,
933 189 1039 230 quae
1073 177 1174 216 simt
1205 174 1252 215 in
1282 174 1350 217 his
1382 191 1448 217 re-

89 234 290 289 gionibus
324 234 585 275 admiranda.
635 235 674 275 4.
695 234 886 288 origines
919 233 1104 275 fontium
1132 233 1238 287 Nili,
1269 236 1318 275 ut
1337 235 1445 276 mihi

89 293 261 347 quidem
292 292 430 334 uideri
464 292 586 346 solet,
621 294 731 334 sicut
763 292 900 334 adhuc
931 292 1095 334 factum
1129 296 1207 347 est,
1244 295 1444 346 posterae

20 356 29 364 '
89 366 258 406 quoque
290 352 555 406 ignorabunt
588 354 766 393 aetates.
828 366 978 393 uerum
1012 352 1216 406 quoniam
1251 351 1446 394 fabulan—

53 425 68 451 5
88 413 154 452 tes
186 413 340 465 poetae
360 411 662 465 uariantesque
696 410 936 465 geographi
968 410 1012 451 in
1033 411 1204 452 diuersa
1235 411 1446 453 latentem

86 469 290 511 notitiam
330 469 545 523 scindunt,
585 470 810 524 opiniones
851 484 998 510 eorum
1035 469 1212 511 ueritati
1245 470 1446 525 confines,

87 533 136 570 ut
168 528 367 583 arbitror,
400 528 626 582 expediam
645 528 805 583 paucis.
857 527 895 569 5.
917 528 1148 569 adfirmant
1172 528 1308 583 aliqui
1337 529 1446 584 phy-

88 586 275 629 Sicorum
306 587 352 628 in
384 587 589 628 subiectis
623 587 910 642 septentrioni
943 587 1108 641 spatiis,
1151 601 1247 628 cum
1278 587 1442 630 hiemes

88 646 271 701 frigidae
293 650 444 688 cuncta
466 647 781 701 constringunt,
813 646 1133 700 magnitudines
1153 646 1320 687 niuium
1348 661 1445 688 con-

35 719 68 744 10
89 705 320 759 gelascere,
353 720 507 759 easque
539 708 690 759 postea
710 706 754 747 ui
786 705 1012 759 flagrantis
1046 705 1198 746 sideris
1218 705 1446 761 resolutas,

88 764 214 805 fluxis
247 764 471 805 umoribus
504 764 638 805 nubes
660 764 828 806 efficere
861 763 1075 819 grauidas,
1108 779 1216 818 quae
1248 765 1294 805 in
1321 765 1446 806 meri-

90 823 261 864 dianam
292 823 469 877 plagam
503 823 649 864 etesiis
688 823 892 864 flantibus
932 823 1094 877 pulsae,
1135 837 1445 878 expressaeque

88 886 238 936 tepore
269 882 404 923 nimio
438 882 703 923 incrementa
733 882 924 923 ubertim
957 894 1189 936 suggerere
1221 881 1325 923 Nilo
1360 896 1446 923 cre-

89 941 258 982 duntur.
321 941 359 982 6.
393 955 442 981 ex
482 940 753 994 Aethiopicis
793 940 1014 994 imbribus,
1059 941 1132 995 qui
1177 940 1444 982 abundantes

36 1000 136 1040 15111
167 999 379 1041 tractibus
412 999 500 1041 illis
533 1014 609 1053 per
642 1002 783 1041 aestus
816 999 1002 1040 torridos
1025 999 1173 1040 cadere
1206 1014 1447 1041 memoran-

87 1062 170 1113 tur,
203 1058 509 1100 exundationes
543 1059 632 1100 eius
667 1059 775 1112 erigi
808 1058 908 1099 anni
941 1058 1209 1112 temporibus
1242 1059 1446 1100 adserunt

88 1118 164 1158 alii
207 1117 499 1171 praestitutis:
542 1117 655 1171 quod
692 1120 921 1171 utrumque
960 1117 1180 1158 dissonare
1211 1117 1383 1158 uidetur
1421 1133 1446 1159 a

87 1177 284 1218 ueritate.
346 1176 507 1217 imbres
541 1176 654 1217 enim
688 1176 800 1230 apud
830 1175 1070 1230 Aethiopas
1098 1179 1172 1217 aut
1209 1191 1446 1231 numquam

89 1238 162 1276 aut
193 1250 270 1289 per
301 1235 534 1276 interualla
571 1238 815 1289 temporum
853 1235 984 1288 longa
1027 1235 1176 1276 eadere
1208 1250 1445 1276 memoran-

35 1307 68 1332 20
88 1299 172 1335 trun
242 1295 279 1335 7.
322 1294 468 1348 opinio
514 1297 579 1335 est
624 1294 834 1335 celebrior
879 1294 976 1348 alia,
1021 1294 1133 1348 quod
1179 1294 1446 1348 spirantibus

88 1353 345 1407 prodromis,
378 1367 537 1407 perque
571 1353 659 1394 dies
682 1353 970 1407 quadraginta
1004 1356 1045 1394 et
1072 1353 1259 1407 quinque
1293 1353 1446 1394 etesia-

88 1427 184 1453 rum
218 1412 432 1453 continuis
465 1412 640 1453 flatibus
673 1412 984 1466 repellentibus
1018 1412 1108 1453 eius
1142 1414 1344 1465 meatum,
1376 1426 1447 1453 ue-

88 1471 267 1512 locitate
312 1471 517 1525 cohibita,
569 1471 803 1525 superfusis
848 1471 1050 1512 fluctibus
1094 1471 1359 1512 intumescit:
1401 1474 1446 1512 et

87 1530 327 1571 reluctante
349 1529 505 1584 spiritu
526 1532 803 1571 controuerso
825 1530 1072 1571 adulescens
1095 1530 1139 1570 in
1160 1530 1311 1584 maius,
1342 1529 1444 1571 hinc

34 1600 68 1626 25
89 1589 133 1630 ui
164 1589 470 1630 reuerberante
490 1592 732 1643 uentorum,
764 1588 861 1630 inde
882 1591 1064 1643 urgente
1086 1603 1212 1630 cursu
1237 1603 1444 1630 uenarum

88 1648 353 1702 perennium,
396 1647 678 1702 progrediens
722 1648 769 1688 in
813 1647 997 1689 sublime
1042 1648 1155 1702 tegit
1200 1647 1355 1702 omnia,
1400 1651 1444 1689 et

89 1706 219 1748 humo
253 1721 484 1760 suppressa
513 1721 591 1760 per
612 1706 764 1760 supina
784 1721 1031 1760 camporum
1059 1707 1245 1761 speciem
1267 1706 1446 1748 exhibet

90 1765 234 1807 maris.
297 1765 334 1807 8.
366 1780 440 1806 rex
479 1767 623 1806 autem
660 1765 770 1806 Iuba
800 1765 1060 1807 Punicorum
1100 1765 1284 1807 confisus
1322 1768 1447 1806 textu

90 1825 301 1866 librorum
334 1839 359 1865 a
389 1826 535 1865 monte
557 1824 739 1878 quodam
762 1824 866 1865 oriri
887 1838 982 1865 eum
1010 1824 1197 1878 exponit,
1229 1824 1302 1877 qui
1335 1824 1443 1866 situs

37 1885 69 1910 ³0
89 1883 134 1924 in
163 1883 427 1925 Mauritania
458 1883 679 1937 despectat
719 1897 943 1936 oceanum,
975 1882 1127 1937 hisque
1160 1882 1330 1923 indiciis
1362 1882 1446 1924 hoc

88 1942 308 1996 proditum
342 1942 416 1996 ait,
449 1942 558 1996 quod
593 1942 732 1996 pisces
754 1944 797 1983 et
828 1941 987 1982 herbae
1021 1944 1063 1982 et
1095 1941 1246 1983 beluae
1281 1941 1444 1982 similes

89 2016 165 2055 per
198 2016 269 2042 eas
301 2001 480 2055 paludes
514 2001 763 2055 gignrmtur.
827 2000 865 2041 9.
886 2000 1146 2054 Aethiopiae
1179 2003 1323 2042 autem
1349 2015 1444 2054 par-

89 2065 154 2101 tes
193 2063 516 2114 praetermeans
548 2059 675 2100 Nilus
712 2059 937 2100 nominum
969 2059 1222 2100 diuersitate
1255 2059 1445 2113 decursa,

91 2133 198 2173 quae
232 2119 270 2160 ei
302 2119 450 2160 orbem
482 2118 735 2172 peragranti
765 2118 963 2159 nationes
989 2118 1179 2159 indidere
1206 2118 1446 2172 conplureS,

180 2237 200 2268 2
226 2233 362 2278 origini
380 2233 449 2268 VP
496 2232 665 2267 Oscindit
682 2232 771 2267 VPb
819 2236 861 2266 14
886 2233 951 2276 qui
976 2232 1210 2268 abundantes
1231 2233 1264 2268 G
1289 2243 1364 2276 qua
1387 2232 1442 2266 lu-

91 2278 223 2313 dantes
252 2278 321 2313 VP
426 2281 467 2312 18
491 2288 772 2321 nonnumquam
801 2277 870 2312 VP
974 2281 1016 2312 23
1046 2278 1262 2312 intumescit
1288 2278 1322 2312 G-
1345 2277 1443 2311 intu-

90 2324 262 2358 mescunt
289 2323 428 2367 VPbya
504 2326 546 2357 26
571 2322 770 2356 sublimem
801 2322 869 2356 VP
946 2326 987 2357 27
1012 2322 1146 2357 humos
1171 2332 1349 2366 oppressa
1376 2321 1446 2356 VP

91 2371 133 2402 32
152 2367 357 2413 gignuntur
378 2388 417 2394 -—-
446 2371 487 2402 33
506 2368 709 2412 preterme-
727 2367 815 2402 add.
839 2366 894 2401 V¹n
981 2371 1024 2402 34
1043 2367 1094 2413 ei]
1115 2368 1153 2402 et
1173 2367 1287 2402 VPba
1306 2378 1391 2401 eum
1410 2367 1445 2401 G-
