<?xml version="1.0" encoding="UTF-8"?>
<!DOCTYPE html PUBLIC "-//W3C//DTD XHTML 1.0 Transitional//EN"
    "http://www.w3.org/TR/xhtml1/DTD/xhtml1-transitional.dtd">
<html xmlns="http://www.w3.org/1999/xhtml" xml:lang="en" lang="en">
 <head>
  <title>
</title>
<meta http-equiv="Content-Type" content="text/html;charset=utf-8" />
  <meta name='ocr-system' content='tesseract 3.04.00' />
  <meta name='ocr-capabilities' content='ocr_page ocr_carea ocr_par ocr_line ocrx_word'/>
</head>
<body>
  <div class='ocr_page' id='page_1' title='image "./rerumgestarumlib01ammiuoft_0200.png"; bbox 0 0 1573 2508; ppageno 0'>
   <div class='ocr_carea' id='block_1_1' title="bbox 1407 0 1573 1532">
    <p class='ocr_par' dir='ltr' id='par_1_1' title="bbox 1407 0 1573 1532">
     <span class='ocr_line' id='line_1_1' title="bbox 1407 0 1573 1532; baseline 0 -1443"><span class='ocrx_word' id='word_1_1' title='bbox 1407 0 1573 1532; x_wconf 95' lang='lat' dir='ltr'><em>     </em></span> 
     </span>
    </p>
   </div>
   <div class='ocr_carea' id='block_1_2' title="bbox 93 1 938 88">
    <p class='ocr_par' dir='ltr' id='par_1_2' title="bbox 93 1 938 88">
     <span class='ocr_line' id='line_1_2' title="bbox 93 1 938 88; baseline -0.013 0"><span class='ocrx_word' id='word_1_2' title='bbox 93 1 176 88; x_wconf 55' lang='lat'><em>{46</em></span> <span class='ocrx_word' id='word_1_3' title='bbox 590 42 711 80; x_wconf 83' lang='lat' dir='ltr'>xv111</span> <span class='ocrx_word' id='word_1_4' title='bbox 735 47 767 87; x_wconf 91' lang='lat'><em>1,</em></span> <span class='ocrx_word' id='word_1_5' title='bbox 793 46 890 86; x_wconf 80' lang='lat'>1-2,</span> <span class='ocrx_word' id='word_1_6' title='bbox 915 27 938 77; x_wconf 65' lang='lat'><strong>4</strong></span> 
     </span>
    </p>
   </div>
   <div class='ocr_carea' id='block_1_3' title="bbox 126 130 1451 404">
    <p class='ocr_par' dir='ltr' id='par_1_3' title="bbox 127 130 1450 271">
     <span class='ocr_line' id='line_1_3' title="bbox 127 130 1439 179; baseline -0.002 -8"><span class='ocrx_word' id='word_1_7' title='bbox 127 139 159 171; x_wconf 77' lang='lat'><em>4.</em></span> <span class='ocrx_word' id='word_1_8' title='bbox 186 147 250 171; x_wconf 77' lang='lat' dir='ltr'><em>reoe</em></span> <span class='ocrx_word' id='word_1_9' title='bbox 279 137 479 171; x_wconf 70' lang='lat' dir='ltr'><em>Persarum</em></span> <span class='ocrx_word' id='word_1_10' title='bbox 512 134 562 169; x_wconf 83' lang='lat' dir='ltr'><em>Sa</em></span> <span class='ocrx_word' id='word_1_11' title='bbox 591 145 631 169; x_wconf 85' lang='lat' dir='ltr'><em>or</em></span> <span class='ocrx_word' id='word_1_12' title='bbox 661 134 733 169; x_wconf 84' lang='lat' dir='ltr'><em>Ro·</em></span> <span class='ocrx_word' id='word_1_13' title='bbox 894 133 1131 179; x_wconf 84' lang='lat' dir='ltr'><em>sopotamiam</em></span> <span class='ocrx_word' id='word_1_14' title='bbox 1190 132 1321 169; x_wconf 77' lang='lat' dir='ltr'><em>intrat.</em></span> <span class='ocrx_word' id='word_1_15' title='bbox 1373 130 1439 173; x_wconf 66' lang='lat' dir='ltr'><em>Re.</em></span> 
     </span>
     <span class='ocr_line' id='line_1_4' title="bbox 183 177 1449 222; baseline -0.003 -7"><span class='ocrx_word' id='word_1_16' title='bbox 183 191 309 216; x_wconf 85' lang='lat' dir='ltr'><em>manos</em></span> <span class='ocrx_word' id='word_1_17' title='bbox 354 181 440 214; x_wconf 87' lang='lat' dir='ltr'><em>totis</em></span> <span class='ocrx_word' id='word_1_18' title='bbox 484 179 563 214; x_wconf 88' lang='lat' dir='ltr'><em>uiri</em></span> <span class='ocrx_word' id='word_1_19' title='bbox 586 190 630 214; x_wconf 86' lang='lat' dir='ltr'><em>us</em></span> <span class='ocrx_word' id='word_1_20' title='bbox 668 178 734 214; x_wconf 86' lang='lat' dir='ltr'><em>ad·</em></span> <span class='ocrx_word' id='word_1_21' title='bbox 894 178 999 212; x_wconf 81' lang='lat' dir='ltr'><em>mani</em></span> <span class='ocrx_word' id='word_1_22' title='bbox 1027 188 1111 213; x_wconf 85' lang='lat' dir='ltr'><em>suos</em></span> <span class='ocrx_word' id='word_1_23' title='bbox 1140 178 1216 221; x_wconf 83' lang='lat' dir='ltr'><em>ipsi</em></span> <span class='ocrx_word' id='word_1_24' title='bbox 1250 186 1358 222; x_wconf 59' lang='grc' dir='ltr'><strong><em>αρν-οε</em></strong></span> <span class='ocrx_word' id='word_1_25' title='bbox 1392 177 1449 211; x_wconf 81' lang='lat' dir='ltr'><em>in-</em></span> 
     </span>
     <span class='ocr_line' id='line_1_5' title="bbox 184 221 1450 271; baseline -0.003 -11"><span class='ocrx_word' id='word_1_26' title='bbox 184 226 288 271; x_wconf 68' lang='lat' dir='ltr'><em>qredi</em></span> <span class='ocrx_word' id='word_1_27' title='bbox 311 228 430 268; x_wconf 84' lang='lat' dir='ltr'><em>parat.</em></span> <span class='ocrx_word' id='word_1_28' title='bbox 895 223 1069 264; x_wconf 81' lang='lat' dir='ltr'><em>cendunt,</em></span> <span class='ocrx_word' id='word_1_29' title='bbox 1083 226 1243 267; x_wconf 72' lang='lat' dir='ltr'><em>aqrestes</em></span> <span class='ocrx_word' id='word_1_30' title='bbox 1255 222 1299 256; x_wconf 82' lang='lat' dir='ltr'><em>in</em></span> <span class='ocrx_word' id='word_1_31' title='bbox 1310 221 1450 265; x_wconf 80' lang='lat' dir='ltr'><em>oppida</em></span> 
     </span>
    </p>

    <p class='ocr_par' dir='ltr' id='par_1_4' title="bbox 126 266 1451 404">
     <span class='ocr_line' id='line_1_6' title="bbox 126 266 1450 312; baseline -0.004 -6"><span class='ocrx_word' id='word_1_32' title='bbox 126 273 160 306; x_wconf 89' lang='lat'><em>5.</em></span> <span class='ocrx_word' id='word_1_33' title='bbox 183 271 399 305; x_wconf 73' lang='lat' dir='ltr'><em>Antoninus</em></span> <span class='ocrx_word' id='word_1_34' title='bbox 440 271 619 312; x_wconf 83' lang='lat' dir='ltr'><em>protector</em></span> <span class='ocrx_word' id='word_1_35' title='bbox 655 279 735 303; x_wconf 84' lang='lat' dir='ltr'><em>cum</em></span> <span class='ocrx_word' id='word_1_36' title='bbox 897 268 1131 311; x_wconf 84' lang='lat' dir='ltr'><em>compellunt,</em></span> <span class='ocrx_word' id='word_1_37' title='bbox 1169 277 1212 302; x_wconf 89' lang='lat' dir='ltr'><em>ac</em></span> <span class='ocrx_word' id='word_1_38' title='bbox 1247 266 1450 302; x_wconf 79' lang='lat' dir='ltr'><strong><em>citeriorem</em></strong></span> 
     </span>
     <span class='ocr_line' id='line_1_7' title="bbox 184 310 1451 357; baseline -0.004 -7"><span class='ocrx_word' id='word_1_39' title='bbox 184 316 261 350; x_wconf 81' lang='lat' dir='ltr'><em>suis</em></span> <span class='ocrx_word' id='word_1_40' title='bbox 291 315 456 349; x_wconf 82' lang='lat' dir='ltr'><em>omnibus</em></span> <span class='ocrx_word' id='word_1_41' title='bbox 487 313 537 347; x_wconf 86' lang='lat' dir='ltr'><em>ad</em></span> <span class='ocrx_word' id='word_1_42' title='bbox 562 312 736 357; x_wconf 85' lang='lat' dir='ltr'><em>Saporem</em></span> <span class='ocrx_word' id='word_1_43' title='bbox 897 312 1019 356; x_wconf 82' lang='lat' dir='ltr'><em>ripam</em></span> <span class='ocrx_word' id='word_1_44' title='bbox 1053 311 1255 356; x_wconf 80' lang='lat' dir='ltr'><strong><em>Euphratis</em></strong></span> <span class='ocrx_word' id='word_1_45' title='bbox 1292 310 1451 346; x_wconf 71' lang='lat' dir='ltr'><em>castellis</em></span> 
     </span>
     <span class='ocr_line' id='line_1_8' title="bbox 186 355 1450 404; baseline -0.001 -11"><span class='ocrx_word' id='word_1_46' title='bbox 186 359 405 404; x_wconf 64' lang='lat' dir='ltr'><em>transfugit:</em></span> <span class='ocrx_word' id='word_1_47' title='bbox 429 369 580 402; x_wconf 78' lang='lat' dir='ltr'><em>eumque</em></span> <span class='ocrx_word' id='word_1_48' title='bbox 603 357 646 392; x_wconf 83' lang='lat' dir='ltr'><em>in</em></span> <span class='ocrx_word' id='word_1_49' title='bbox 669 357 736 392; x_wconf 86' lang='lat' dir='ltr'><em>bel·</em></span> <span class='ocrx_word' id='word_1_50' title='bbox 894 356 1167 400; x_wconf 77' lang='lat' dir='ltr'><em>praesidiisque</em></span> <span class='ocrx_word' id='word_1_51' title='bbox 1187 355 1450 392; x_wconf 76' lang='lat' dir='ltr'><em>communiunt.</em></span> 
     </span>
    </p>
   </div>
   <div class='ocr_carea' id='block_1_4' title="bbox 126 402 1453 716">
    <p class='ocr_par' dir='ltr' id='par_1_5' title="bbox 185 402 736 492">
     <span class='ocr_line' id='line_1_9' title="bbox 185 402 736 447; baseline -0.004 -9"><span class='ocrx_word' id='word_1_52' title='bbox 185 405 261 438; x_wconf 83' lang='lat' dir='ltr'><em>lum</em></span> <span class='ocrx_word' id='word_1_53' title='bbox 280 403 489 438; x_wconf 86' lang='lat' dir='ltr'><em>Romanum</em></span> <span class='ocrx_word' id='word_1_54' title='bbox 511 406 638 447; x_wconf 82' lang='lat' dir='ltr'><em>sponte</em></span> <span class='ocrx_word' id='word_1_55' title='bbox 662 402 736 436; x_wconf 83' lang='lat' dir='ltr'><em>iam</em></span> 
     </span>
     <span class='ocr_line' id='line_1_10' title="bbox 186 448 509 492; baseline 0.006 -10"><span class='ocrx_word' id='word_1_56' title='bbox 186 452 321 483; x_wconf 83' lang='lat' dir='ltr'><em>motum</em></span> <span class='ocrx_word' id='word_1_57' title='bbox 345 448 509 492; x_wconf 72' lang='lat' dir='ltr'><em>impellit.</em></span> 
     </span>
    </p>

    <p class='ocr_par' dir='ltr' id='par_1_6' title="bbox 126 492 1453 716">
     <span class='ocr_line' id='line_1_11' title="bbox 126 492 736 537; baseline -0.003 -9"><span class='ocrx_word' id='word_1_58' title='bbox 126 497 158 528; x_wconf 82' lang='lat'><em>6.</em></span> <span class='ocrx_word' id='word_1_59' title='bbox 190 492 382 528; x_wconf 86' lang='lat' dir='ltr'><em>Vrsicinus</em></span> <span class='ocrx_word' id='word_1_60' title='bbox 394 493 564 537; x_wconf 70' lang='lat' dir='ltr'><em>mayister</em></span> <span class='ocrx_word' id='word_1_61' title='bbox 577 492 736 526; x_wconf 81' lang='lat' dir='ltr'><em>militum</em></span> 
     </span>
     <span class='ocr_line' id='line_1_12' title="bbox 187 539 737 578; baseline -0.005 -5"><span class='ocrx_word' id='word_1_62' title='bbox 187 549 230 573; x_wconf 78' lang='lat' dir='ltr'><em>ex</em></span> <span class='ocrx_word' id='word_1_63' title='bbox 265 539 403 572; x_wconf 81' lang='lat' dir='ltr'><em>oriente</em></span> <span class='ocrx_word' id='word_1_64' title='bbox 438 541 625 578; x_wconf 86' lang='lat' dir='ltr'><em>euocatus,</em></span> <span class='ocrx_word' id='word_1_65' title='bbox 656 547 737 570; x_wconf 86' lang='lat' dir='ltr'><em>cum</em></span> 
     </span>
     <span class='ocr_line' id='line_1_13' title="bbox 187 581 739 618; baseline -0.007 0"><span class='ocrx_word' id='word_1_66' title='bbox 187 584 263 618; x_wconf 86' lang='lat' dir='ltr'><em>iam</em></span> <span class='ocrx_word' id='word_1_67' title='bbox 318 583 477 618; x_wconf 86' lang='lat' dir='ltr'><em>uenisset</em></span> <span class='ocrx_word' id='word_1_68' title='bbox 534 582 576 616; x_wconf 87' lang='lat' dir='ltr'><em>in</em></span> <span class='ocrx_word' id='word_1_69' title='bbox 625 581 739 615; x_wconf 83' lang='lat' dir='ltr'><em>Thra-</em></span> 
     </span>
     <span class='ocr_line' id='line_1_14' title="bbox 189 625 1204 669; baseline -0.006 -7"><span class='ocrx_word' id='word_1_70' title='bbox 189 629 296 669; x_wconf 85' lang='lat' dir='ltr'><em>ciam,</em></span> <span class='ocrx_word' id='word_1_71' title='bbox 327 628 528 662; x_wconf 76' lang='lat' dir='ltr'><em>remittitur</em></span> <span class='ocrx_word' id='word_1_72' title='bbox 558 627 599 660; x_wconf 66' lang='grc' dir='ltr'><em>ίη</em></span> <span class='ocrx_word' id='word_1_73' title='bbox 622 625 739 660; x_wconf 82' lang='lat' dir='ltr'><em>Meso·</em></span> <span class='ocrx_word' id='word_1_74' title='bbox 1016 659 1022 665; x_wconf 65' lang='lat'>‚</span> <span class='ocrx_word' id='word_1_75' title='bbox 1074 659 1079 665; x_wconf 63' lang='grc'><strong>,</strong></span> <span class='ocrx_word' id='word_1_76' title='bbox 1198 659 1204 665; x_wconf 62' lang='grc'>,</span> 
     </span>
     <span class='ocr_line' id='line_1_15' title="bbox 182 659 1453 716; baseline -0.004 -10"><span class='ocrx_word' id='word_1_77' title='bbox 182 673 402 716; x_wconf 80' lang='lat' dir='ltr'><em>potamium:</em></span> <span class='ocrx_word' id='word_1_78' title='bbox 444 681 513 715; x_wconf 84' lang='lat' dir='ltr'><em>quo</em></span> <span class='ocrx_word' id='word_1_79' title='bbox 561 680 738 711; x_wconf 78' lang='lat' dir='ltr'><em>reuersuS,</em></span> <span class='ocrx_word' id='word_1_80' title='bbox 846 661 876 693; x_wconf 77' lang='lat'><em>9·</em></span> <span class='ocrx_word' id='word_1_81' title='bbox 903 659 1100 702; x_wconf 65' lang='lat' dir='ltr'><em>descrll’tw</em></span> <span class='ocrx_word' id='word_1_82' title='bbox 1117 659 1287 701; x_wconf 60' lang='lat' dir='ltr'><em>Amfflffl&#39;,</em></span> <span class='ocrx_word' id='word_1_83' title='bbox 1311 661 1342 692; x_wconf 63' lang='lat' dir='ltr'><em>et</em></span> <span class='ocrx_word' id='word_1_84' title='bbox 1367 659 1453 702; x_wconf 69' lang='lat' dir='ltr'><em>quot</em></span> 
     </span>
    </p>
   </div>
   <div class='ocr_carea' id='block_1_5' title="bbox 841 416 1453 632">
    <p class='ocr_par' dir='ltr' id='par_1_7' title="bbox 841 416 1453 632">
     <span class='ocr_line' id='line_1_16' title="bbox 841 416 1450 462; baseline 0 -10"><span class='ocrx_word' id='word_1_85' title='bbox 841 420 875 452; x_wconf 82' lang='lat'><em>8.</em></span> <span class='ocrx_word' id='word_1_86' title='bbox 901 418 1124 462; x_wconf 75' lang='lat' dir='ltr'><em>septinyenti</em></span> <span class='ocrx_word' id='word_1_87' title='bbox 1154 418 1290 462; x_wconf 74' lang='lat' dir='ltr'><em>equites</em></span> <span class='ocrx_word' id='word_1_88' title='bbox 1318 416 1381 460; x_wconf 71' lang='lat' dir='ltr'><em>Ill,</em></span> <span class='ocrx_word' id='word_1_89' title='bbox 1401 417 1450 452; x_wconf 78' lang='lat' dir='ltr'><em>ri-</em></span> 
     </span>
     <span class='ocr_line' id='line_1_17' title="bbox 899 463 1450 506; baseline -0.005 -8"><span class='ocrx_word' id='word_1_90' title='bbox 899 463 1001 498; x_wconf 82' lang='lat' dir='ltr'><em>ciani</em></span> <span class='ocrx_word' id='word_1_91' title='bbox 1024 463 1282 506; x_wconf 78' lang='lat' dir='ltr'><em>necopinantes</em></span> <span class='ocrx_word' id='word_1_92' title='bbox 1312 472 1336 495; x_wconf 89' lang='lat' dir='ltr'><em>a</em></span> <span class='ocrx_word' id='word_1_93' title='bbox 1397 471 1450 496; x_wconf 81' lang='lat' dir='ltr'><em>er-</em></span> 
     </span>
     <span class='ocr_line' id='line_1_18' title="bbox 899 506 1451 558; baseline -0.002 -16"><span class='ocrx_word' id='word_1_94' title='bbox 899 508 950 542; x_wconf 84' lang='lat' dir='ltr'><em>sis</em></span> <span class='ocrx_word' id='word_1_95' title='bbox 982 508 1217 542; x_wconf 77' lang='lat' dir='ltr'><em>coniciuntur</em></span> <span class='ocrx_word' id='word_1_96' title='bbox 1246 507 1287 541; x_wconf 82' lang='lat' dir='ltr'><em>in</em></span> <span class='ocrx_word' id='word_1_97' title='bbox 1311 506 1451 558; x_wconf 73' lang='lat' dir='ltr'><em>fuqam.</em></span> 
     </span>
     <span class='ocr_line' id='line_1_19' title="bbox 903 551 1453 594; baseline -0.002 -7"><span class='ocrx_word' id='word_1_98' title='bbox 903 552 1067 587; x_wconf 82' lang='lat' dir='ltr'><em>euadunt</em></span> <span class='ocrx_word' id='word_1_99' title='bbox 1113 552 1199 586; x_wconf 80' lang='lat' dir='ltr'><em>hinc</em></span> <span class='ocrx_word' id='word_1_100' title='bbox 1248 551 1453 594; x_wconf 65' lang='lat' dir='ltr'><em>Vrsicmus,</em></span> 
     </span>
     <span class='ocr_line' id='line_1_20' title="bbox 903 597 1268 632; baseline -0.003 -1"><span class='ocrx_word' id='word_1_101' title='bbox 903 597 990 632; x_wconf 84' lang='lat' dir='ltr'><em>inde</em></span> <span class='ocrx_word' id='word_1_102' title='bbox 1014 597 1268 631; x_wconf 81' lang='lat' dir='ltr'><em>Marcellinus.</em></span> 
     </span>
    </p>
   </div>
   <div class='ocr_carea' id='block_1_6' title="bbox 133 704 1454 895">
    <p class='ocr_par' dir='ltr' id='par_1_8' title="bbox 183 704 1453 804">
     <span class='ocr_line' id='line_1_21' title="bbox 183 704 1453 762; baseline -0.004 -11"><span class='ocrx_word' id='word_1_103' title='bbox 183 728 252 762; x_wconf 78' lang='lat' dir='ltr'><em>per</em></span> <span class='ocrx_word' id='word_1_104' title='bbox 291 716 551 751; x_wconf 81' lang='lat' dir='ltr'><em>Marcellinum</em></span> <span class='ocrx_word' id='word_1_105' title='bbox 589 714 741 758; x_wconf 75' lang='lat' dir='ltr'><em>Saporis</em></span> <span class='ocrx_word' id='word_1_106' title='bbox 902 707 981 754; x_wconf 55' lang='lat' dir='ltr'><em>{um</em></span> <span class='ocrx_word' id='word_1_107' title='bbox 997 704 1049 738; x_wconf 65' lang='lat' dir='ltr'><em>ibi</em></span> <span class='ocrx_word' id='word_1_108' title='bbox 1074 704 1105 754; x_wconf 62' lang='lat' dir='ltr'><em>l?</em></span> <span class='ocrx_word' id='word_1_109' title='bbox 1130 704 1229 754; x_wconf 57' lang='lat' dir='ltr'><em>iones</em></span> <span class='ocrx_word' id='word_1_110' title='bbox 1252 706 1453 754; x_wconf 60' lang='lat' dir='ltr'><em>“Pturmsse</em></span> 
     </span>
     <span class='ocr_line' id='line_1_22' title="bbox 187 749 1335 804; baseline -0.005 -8"><span class='ocrx_word' id='word_1_111' title='bbox 187 762 390 796; x_wconf 82' lang='lat' dir='ltr'><em>aduentum</em></span> <span class='ocrx_word' id='word_1_112' title='bbox 415 761 591 804; x_wconf 71' lang='lat' dir='ltr'><em>emplorat.</em></span> <span class='ocrx_word' id='word_1_113' title='bbox 903 759 945 781; x_wconf 63' lang='grc' dir='ltr'>Μ</span> <span class='ocrx_word' id='word_1_114' title='bbox 965 758 1091 791; x_wconf 66' lang='lat' dir='ltr'><em>Prae-32</em></span> <span class='ocrx_word' id='word_1_115' title='bbox 1123 760 1158 782; x_wconf 86' lang='lat'><em>²⁰</em></span> <span class='ocrx_word' id='word_1_116' title='bbox 1183 749 1335 790; x_wconf 64' lang='lat' dir='ltr'><em>sumnt-</em></span> 
     </span>
    </p>

    <p class='ocr_par' dir='ltr' id='par_1_9' title="bbox 133 803 1454 895">
     <span class='ocr_line' id='line_1_23' title="bbox 133 803 1454 850; baseline -0.002 -9"><span class='ocrx_word' id='word_1_117' title='bbox 133 810 165 841; x_wconf 87' lang='lat'><em>7.</em></span> <span class='ocrx_word' id='word_1_118' title='bbox 190 806 310 850; x_wconf 82' lang='lat' dir='ltr'><em>Sapor</em></span> <span class='ocrx_word' id='word_1_119' title='bbox 356 817 437 841; x_wconf 87' lang='lat' dir='ltr'><em>cum</em></span> <span class='ocrx_word' id='word_1_120' title='bbox 482 804 740 839; x_wconf 79' lang='lat' dir='ltr'><em>Chionitarum</em></span> <span class='ocrx_word' id='word_1_121' title='bbox 824 807 878 839; x_wconf 90' lang='lat'><em>10.</em></span> <span class='ocrx_word' id='word_1_122' title='bbox 905 803 1026 848; x_wconf 82' lang='lat' dir='ltr'><em>Sapor</em></span> <span class='ocrx_word' id='word_1_123' title='bbox 1039 804 1111 838; x_wconf 87' lang='lat' dir='ltr'><em>duo</em></span> <span class='ocrx_word' id='word_1_124' title='bbox 1124 804 1273 839; x_wconf 87' lang='lat' dir='ltr'><em>castella</em></span> <span class='ocrx_word' id='word_1_125' title='bbox 1285 803 1454 839; x_wconf 79' lang='lat' dir='ltr'><em>Romana</em></span> 
     </span>
     <span class='ocr_line' id='line_1_24' title="bbox 189 849 1239 895; baseline -0.003 -9"><span class='ocrx_word' id='word_1_126' title='bbox 189 855 221 886; x_wconf 90' lang='lat' dir='ltr'><em>et</em></span> <span class='ocrx_word' id='word_1_127' title='bbox 245 851 473 885; x_wconf 81' lang='lat' dir='ltr'><em>Albanorum</em></span> <span class='ocrx_word' id='word_1_128' title='bbox 496 850 640 895; x_wconf 77' lang='lat' dir='ltr'><em>reyibus</em></span> <span class='ocrx_word' id='word_1_129' title='bbox 660 849 740 883; x_wconf 86' lang='lat' dir='ltr'><em>Me·</em></span> <span class='ocrx_word' id='word_1_130' title='bbox 903 850 943 882; x_wconf 84' lang='lat' dir='ltr'><em>in</em></span> <span class='ocrx_word' id='word_1_131' title='bbox 967 850 1074 893; x_wconf 71' lang='lat' dir='ltr'><em>tidem</em></span> <span class='ocrx_word' id='word_1_132' title='bbox 1098 849 1239 892; x_wconf 87' lang='lat' dir='ltr'><em>recipit.</em></span> 
     </span>
    </p>
   </div>
   <div class='ocr_carea' id='block_1_7' title="bbox 99 941 1513 2171">
    <p class='ocr_par' dir='ltr' id='par_1_10' title="bbox 99 941 1513 2171">
     <span class='ocr_line' id='line_1_25' title="bbox 223 941 1455 998; baseline -0.002 -12"><span class='ocrx_word' id='word_1_133' title='bbox 223 944 264 986; x_wconf 93' lang='grc'><em>1.</em></span> <span class='ocrx_word' id='word_1_134' title='bbox 290 946 325 986; x_wconf 92' lang='grc'><em>1.</em></span> <span class='ocrx_word' id='word_1_135' title='bbox 344 943 464 986; x_wconf 88' lang='lat' dir='ltr'><em>Haec</em></span> <span class='ocrx_word' id='word_1_136' title='bbox 496 958 571 998; x_wconf 89' lang='lat' dir='ltr'><em>per</em></span> <span class='ocrx_word' id='word_1_137' title='bbox 603 943 720 985; x_wconf 87' lang='lat' dir='ltr'><em>orbis</em></span> <span class='ocrx_word' id='word_1_138' title='bbox 753 943 897 984; x_wconf 87' lang='lat' dir='ltr'><em>uarias</em></span> <span class='ocrx_word' id='word_1_139' title='bbox 929 946 1073 997; x_wconf 86' lang='lat' dir='ltr'><em>partes</em></span> <span class='ocrx_word' id='word_1_140' title='bbox 1107 957 1190 984; x_wconf 90' lang='lat' dir='ltr'><em>uno</em></span> <span class='ocrx_word' id='word_1_141' title='bbox 1222 941 1455 997; x_wconf 90' lang='lat' dir='ltr'><em>eodemque</em></span> 
     </span>
     <span class='ocr_line' id='line_1_26' title="bbox 99 1001 1454 1058; baseline -0.003 -12"><span class='ocrx_word' id='word_1_142' title='bbox 99 1018 210 1046; x_wconf 82' lang='lat' dir='ltr'><em>anno</em></span> <span class='ocrx_word' id='word_1_143' title='bbox 244 1007 345 1045; x_wconf 90' lang='lat' dir='ltr'><em>sunt</em></span> <span class='ocrx_word' id='word_1_144' title='bbox 377 1006 512 1058; x_wconf 84' lang='lat' dir='ltr'><em>gesta.</em></span> <span class='ocrx_word' id='word_1_145' title='bbox 574 1005 620 1044; x_wconf 90' lang='lat' dir='ltr'><em>at</em></span> <span class='ocrx_word' id='word_1_146' title='bbox 651 1003 696 1042; x_wconf 89' lang='lat' dir='ltr'><em>in</em></span> <span class='ocrx_word' id='word_1_147' title='bbox 727 1001 884 1043; x_wconf 88' lang='lat' dir='ltr'><em>Galliis</em></span> <span class='ocrx_word' id='word_1_148' title='bbox 917 1016 1013 1043; x_wconf 88' lang='lat' dir='ltr'><em>cum</em></span> <span class='ocrx_word' id='word_1_149' title='bbox 1045 1002 1090 1043; x_wconf 88' lang='lat' dir='ltr'><em>in</em></span> <span class='ocrx_word' id='word_1_150' title='bbox 1122 1001 1299 1043; x_wconf 90' lang='lat' dir='ltr'><em>meliore</em></span> <span class='ocrx_word' id='word_1_151' title='bbox 1337 1002 1454 1042; x_wconf 85' lang='lat' dir='ltr'><em>statu</em></span> 
     </span>
     <span class='ocr_line' id='line_1_27' title="bbox 101 1059 1456 1115; baseline -0.004 -11"><span class='ocrx_word' id='word_1_152' title='bbox 101 1078 170 1105; x_wconf 89' lang='lat' dir='ltr'><em>res</em></span> <span class='ocrx_word' id='word_1_153' title='bbox 203 1065 347 1104; x_wconf 87' lang='lat' dir='ltr'><em>essent</em></span> <span class='ocrx_word' id='word_1_154' title='bbox 378 1065 422 1104; x_wconf 88' lang='lat' dir='ltr'><em>et</em></span> <span class='ocrx_word' id='word_1_155' title='bbox 440 1061 678 1103; x_wconf 84' lang='lat' dir='ltr'><em>Eusebium</em></span> <span class='ocrx_word' id='word_1_156' title='bbox 712 1063 841 1114; x_wconf 89' lang='lat' dir='ltr'><em>atque</em></span> <span class='ocrx_word' id='word_1_157' title='bbox 860 1060 1102 1115; x_wconf 77' lang='lat' dir='ltr'><em>Hypatium</em></span> <span class='ocrx_word' id='word_1_158' title='bbox 1133 1060 1291 1102; x_wconf 85' lang='lat' dir='ltr'><em>fratres</em></span> <span class='ocrx_word' id='word_1_159' title='bbox 1324 1059 1456 1100; x_wconf 89' lang='lat' dir='ltr'><em>subli-</em></span> 
     </span>
     <span class='ocr_line' id='line_1_28' title="bbox 100 1118 1456 1173; baseline -0.003 -10"><span class='ocrx_word' id='word_1_160' title='bbox 100 1124 271 1163; x_wconf 87' lang='lat' dir='ltr'><em>marent</em></span> <span class='ocrx_word' id='word_1_161' title='bbox 300 1121 513 1162; x_wconf 88' lang='lat' dir='ltr'><em>uocabula</em></span> <span class='ocrx_word' id='word_1_162' title='bbox 545 1119 782 1173; x_wconf 80' lang='lat' dir='ltr'><em>consulum,</em></span> <span class='ocrx_word' id='word_1_163' title='bbox 814 1118 1009 1160; x_wconf 89' lang='lat' dir='ltr'><em>Iulianus</em></span> <span class='ocrx_word' id='word_1_164' title='bbox 1043 1119 1255 1160; x_wconf 75' lang='lat' dir='ltr'><em>contextis</em></span> <span class='ocrx_word' id='word_1_165' title='bbox 1294 1132 1456 1159; x_wconf 87' lang='lat' dir='ltr'><em>succes-</em></span> 
     </span>
     <span class='ocr_line' id='line_1_29' title="bbox 101 1176 1487 1233; baseline -0.004 -11"><span class='ocrx_word' id='word_1_166' title='bbox 101 1181 219 1222; x_wconf 85' lang='lat' dir='ltr'><em>sibus</em></span> <span class='ocrx_word' id='word_1_167' title='bbox 252 1180 394 1221; x_wconf 84' lang='lat' dir='ltr'><em>clarus</em></span> <span class='ocrx_word' id='word_1_168' title='bbox 428 1179 540 1233; x_wconf 89' lang='lat' dir='ltr'><em>apud</em></span> <span class='ocrx_word' id='word_1_169' title='bbox 577 1178 760 1219; x_wconf 84' lang='lat' dir='ltr'><em>hiberna</em></span> <span class='ocrx_word' id='word_1_170' title='bbox 798 1178 1080 1232; x_wconf 75' lang='lat' dir='ltr'><em>sequestratis</em></span> <span class='ocrx_word' id='word_1_171' title='bbox 1119 1177 1295 1219; x_wconf 86' lang='lat' dir='ltr'><em>interim</em></span> <span class='ocrx_word' id='word_1_172' title='bbox 1335 1176 1487 1217; x_wconf 86' lang='lat' dir='ltr'><em>solli-5</em></span> 
     </span>
     <span class='ocr_line' id='line_1_30' title="bbox 101 1235 1456 1290; baseline -0.004 -9"><span class='ocrx_word' id='word_1_173' title='bbox 101 1239 365 1281; x_wconf 84' lang='lat' dir='ltr'><em>citudinibus</em></span> <span class='ocrx_word' id='word_1_174' title='bbox 409 1237 579 1279; x_wconf 81' lang='lat' dir='ltr'><em>bellicis</em></span> <span class='ocrx_word' id='word_1_175' title='bbox 623 1237 730 1278; x_wconf 87' lang='lat' dir='ltr'><em>haut</em></span> <span class='ocrx_word' id='word_1_176' title='bbox 774 1237 939 1278; x_wconf 88' lang='lat' dir='ltr'><em>minore</em></span> <span class='ocrx_word' id='word_1_177' title='bbox 984 1250 1085 1278; x_wconf 85' lang='lat' dir='ltr'><em>cura</em></span> <span class='ocrx_word' id='word_1_178' title='bbox 1133 1235 1456 1290; x_wconf 82' lang='lat' dir='ltr'><em>prouinciarum</em></span> 
     </span>
     <span class='ocr_line' id='line_1_31' title="bbox 101 1293 1456 1349; baseline -0.003 -10"><span class='ocrx_word' id='word_1_179' title='bbox 101 1298 287 1339; x_wconf 88' lang='lat' dir='ltr'><em>fortunis</em></span> <span class='ocrx_word' id='word_1_180' title='bbox 321 1297 460 1338; x_wconf 86' lang='lat' dir='ltr'><em>multa</em></span> <span class='ocrx_word' id='word_1_181' title='bbox 498 1295 779 1337; x_wconf 80' lang='lat' dir='ltr'><em>conducentia</em></span> <span class='ocrx_word' id='word_1_182' title='bbox 816 1295 1088 1349; x_wconf 85' lang='lat' dir='ltr'><em>disponebat,</em></span> <span class='ocrx_word' id='word_1_183' title='bbox 1121 1295 1352 1349; x_wconf 82' lang='lat' dir='ltr'><em>diligenter</em></span> <span class='ocrx_word' id='word_1_184' title='bbox 1384 1293 1456 1335; x_wconf 90' lang='lat' dir='ltr'><em>ob-</em></span> 
     </span>
     <span class='ocr_line' id='line_1_32' title="bbox 102 1354 1456 1410; baseline -0.004 -12"><span class='ocrx_word' id='word_1_185' title='bbox 102 1371 292 1410; x_wconf 83' lang='lat' dir='ltr'><em>seruans,</em></span> <span class='ocrx_word' id='word_1_186' title='bbox 323 1370 506 1410; x_wconf 89' lang='lat' dir='ltr'><em>nequem</em></span> <span class='ocrx_word' id='word_1_187' title='bbox 526 1355 791 1396; x_wconf 88' lang='lat' dir='ltr'><em>tributorum</em></span> <span class='ocrx_word' id='word_1_188' title='bbox 811 1354 980 1395; x_wconf 82' lang='lat' dir='ltr'><em>sarcina</em></span> <span class='ocrx_word' id='word_1_189' title='bbox 1010 1355 1329 1408; x_wconf 86' lang='lat' dir='ltr'><em>praegrauaret,</em></span> <span class='ocrx_word' id='word_1_190' title='bbox 1348 1367 1456 1394; x_wconf 87' lang='lat' dir='ltr'><em>neue</em></span> 
     </span>
     <span class='ocr_line' id='line_1_33' title="bbox 103 1411 1457 1470; baseline -0.003 -14"><span class='ocrx_word' id='word_1_191' title='bbox 103 1415 299 1470; x_wconf 89' lang='lat' dir='ltr'><em>potentia</em></span> <span class='ocrx_word' id='word_1_192' title='bbox 341 1416 635 1468; x_wconf 83' lang='lat' dir='ltr'><em>praesumeret</em></span> <span class='ocrx_word' id='word_1_193' title='bbox 685 1413 836 1466; x_wconf 81' lang='lat' dir='ltr'><em>aliena,</em></span> <span class='ocrx_word' id='word_1_194' title='bbox 886 1415 961 1454; x_wconf 88' lang='lat' dir='ltr'><em>aut</em></span> <span class='ocrx_word' id='word_1_195' title='bbox 997 1412 1045 1453; x_wconf 91' lang='lat' dir='ltr'><em>hi</em></span> <span class='ocrx_word' id='word_1_196' title='bbox 1087 1415 1362 1454; x_wconf 89' lang='lat' dir='ltr'><em>uersarentur</em></span> <span class='ocrx_word' id='word_1_197' title='bbox 1412 1411 1457 1452; x_wconf 90' lang='lat' dir='ltr'><em>in</em></span> 
     </span>
     <span class='ocr_line' id='line_1_34' title="bbox 102 1470 1511 1528; baseline -0.003 -13"><span class='ocrx_word' id='word_1_198' title='bbox 102 1473 255 1527; x_wconf 81' lang='lat' dir='ltr'><em>medio,</em></span> <span class='ocrx_word' id='word_1_199' title='bbox 297 1487 479 1528; x_wconf 86' lang='lat' dir='ltr'><em>quorum</em></span> <span class='ocrx_word' id='word_1_200' title='bbox 516 1472 779 1526; x_wconf 81' lang='lat' dir='ltr'><em>patrimonia</em></span> <span class='ocrx_word' id='word_1_201' title='bbox 816 1471 1014 1525; x_wconf 89' lang='lat' dir='ltr'><em>publicae</em></span> <span class='ocrx_word' id='word_1_202' title='bbox 1047 1471 1188 1512; x_wconf 86' lang='lat' dir='ltr'><em>clades</em></span> <span class='ocrx_word' id='word_1_203' title='bbox 1227 1470 1456 1525; x_wconf 85' lang='lat' dir='ltr'><em>augebant,</em></span> <span class='ocrx_word' id='word_1_204' title='bbox 1477 1480 1511 1505; x_wconf 90' lang='lat'><em>1⁰</em></span> 
     </span>
     <span class='ocr_line' id='line_1_35' title="bbox 103 1529 1456 1586; baseline -0.004 -12"><span class='ocrx_word' id='word_1_205' title='bbox 103 1533 173 1574; x_wconf 90' lang='lat' dir='ltr'><em>uel</em></span> <span class='ocrx_word' id='word_1_206' title='bbox 212 1532 400 1573; x_wconf 87' lang='lat' dir='ltr'><em>iudicum</em></span> <span class='ocrx_word' id='word_1_207' title='bbox 440 1531 667 1586; x_wconf 87' lang='lat' dir='ltr'><em>quisquam</em></span> <span class='ocrx_word' id='word_1_208' title='bbox 706 1531 758 1571; x_wconf 89' lang='lat' dir='ltr'><em>ab</em></span> <span class='ocrx_word' id='word_1_209' title='bbox 798 1531 1015 1584; x_wconf 85' lang='lat' dir='ltr'><em>aequitate</em></span> <span class='ocrx_word' id='word_1_210' title='bbox 1054 1529 1248 1571; x_wconf 88' lang='lat' dir='ltr'><em>deuiaret</em></span> <span class='ocrx_word' id='word_1_211' title='bbox 1286 1529 1456 1583; x_wconf 88' lang='lat' dir='ltr'><em>inpune.</em></span> 
     </span>
     <span class='ocr_line' id='line_1_36' title="bbox 102 1587 1458 1645; baseline -0.003 -13"><span class='ocrx_word' id='word_1_212' title='bbox 102 1591 141 1632; x_wconf 79' lang='lat'><em>2.</em></span> <span class='ocrx_word' id='word_1_213' title='bbox 179 1591 306 1645; x_wconf 88' lang='lat' dir='ltr'><em>idque</em></span> <span class='ocrx_word' id='word_1_214' title='bbox 347 1605 396 1631; x_wconf 89' lang='lat' dir='ltr'><em>ea</em></span> <span class='ocrx_word' id='word_1_215' title='bbox 433 1605 477 1631; x_wconf 89' lang='lat' dir='ltr'><em>re</em></span> <span class='ocrx_word' id='word_1_216' title='bbox 516 1590 603 1631; x_wconf 87' lang='lat' dir='ltr'><em>leui</em></span> <span class='ocrx_word' id='word_1_217' title='bbox 641 1589 788 1630; x_wconf 86' lang='lat' dir='ltr'><em>labore</em></span> <span class='ocrx_word' id='word_1_218' title='bbox 822 1589 1008 1629; x_wconf 80' lang='lat' dir='ltr'><em>correxit</em></span> <span class='ocrx_word' id='word_1_219' title='bbox 1040 1588 1152 1642; x_wconf 86' lang='lat' dir='ltr'><em>quod</em></span> <span class='ocrx_word' id='word_1_220' title='bbox 1191 1588 1282 1642; x_wconf 87' lang='lat' dir='ltr'><em>ipse</em></span> <span class='ocrx_word' id='word_1_221' title='bbox 1314 1587 1458 1642; x_wconf 85' lang='lat' dir='ltr'><em>iurgia.</em></span> 
     </span>
     <span class='ocr_line' id='line_1_37' title="bbox 103 1646 1458 1703; baseline -0.002 -13"><span class='ocrx_word' id='word_1_222' title='bbox 103 1649 326 1703; x_wconf 86' lang='lat' dir='ltr'><em>dirimens,</em></span> <span class='ocrx_word' id='word_1_223' title='bbox 366 1649 439 1690; x_wconf 90' lang='lat' dir='ltr'><em>ubi</em></span> <span class='ocrx_word' id='word_1_224' title='bbox 478 1663 705 1689; x_wconf 81' lang='lat' dir='ltr'><em>causarum</em></span> <span class='ocrx_word' id='word_1_225' title='bbox 744 1647 925 1701; x_wconf 81' lang='lat' dir='ltr'><em>cogebat</em></span> <span class='ocrx_word' id='word_1_226' title='bbox 966 1646 1220 1701; x_wconf 83' lang='lat' dir='ltr'><em>magnitudo</em></span> <span class='ocrx_word' id='word_1_227' title='bbox 1258 1646 1328 1688; x_wconf 90' lang='lat' dir='ltr'><em>uel</em></span> <span class='ocrx_word' id='word_1_228' title='bbox 1366 1660 1458 1700; x_wconf 90' lang='lat' dir='ltr'><em>per-</em></span> 
     </span>
     <span class='ocr_line' id='line_1_38' title="bbox 103 1706 1456 1762; baseline -0.004 -12"><span class='ocrx_word' id='word_1_229' title='bbox 103 1722 323 1762; x_wconf 84' lang='lat' dir='ltr'><em>sonarum,</em></span> <span class='ocrx_word' id='word_1_230' title='bbox 368 1710 461 1748; x_wconf 88' lang='lat' dir='ltr'><em>erat</em></span> <span class='ocrx_word' id='word_1_231' title='bbox 499 1706 817 1748; x_wconf 83' lang='lat' dir='ltr'><em>indeclinabilis</em></span> <span class='ocrx_word' id='word_1_232' title='bbox 856 1706 1068 1747; x_wconf 87' lang='lat' dir='ltr'><em>iustorum</em></span> <span class='ocrx_word' id='word_1_233' title='bbox 1113 1706 1456 1758; x_wconf 86' lang='lat' dir='ltr'><em>iniustorumque</em></span> 
     </span>
     <span class='ocr_line' id='line_1_39' title="bbox 103 1762 1511 1808; baseline -0.004 0"><span class='ocrx_word' id='word_1_234' title='bbox 103 1766 342 1808; x_wconf 80' lang='lat' dir='ltr'><em>distinctor.</em></span> <span class='ocrx_word' id='word_1_235' title='bbox 416 1766 454 1806; x_wconf 85' lang='lat'><em>3.</em></span> <span class='ocrx_word' id='word_1_236' title='bbox 493 1769 535 1806; x_wconf 88' lang='lat' dir='ltr'><em>et</em></span> <span class='ocrx_word' id='word_1_237' title='bbox 579 1766 681 1806; x_wconf 90' lang='lat' dir='ltr'><em>licet</em></span> <span class='ocrx_word' id='word_1_238' title='bbox 719 1765 856 1806; x_wconf 87' lang='lat' dir='ltr'><em>multa</em></span> <span class='ocrx_word' id='word_1_239' title='bbox 902 1765 989 1805; x_wconf 86' lang='lat' dir='ltr'><em>sint</em></span> <span class='ocrx_word' id='word_1_240' title='bbox 1027 1765 1118 1805; x_wconf 83' lang='lat' dir='ltr'><em>eius</em></span> <span class='ocrx_word' id='word_1_241' title='bbox 1156 1763 1370 1805; x_wconf 88' lang='lat' dir='ltr'><em>laudanda</em></span> <span class='ocrx_word' id='word_1_242' title='bbox 1413 1762 1511 1803; x_wconf 89' lang='lat' dir='ltr'><em>in15</em></span> 
     </span>
     <span class='ocr_line' id='line_1_40' title="bbox 103 1822 1459 1877; baseline -0.003 -11"><span class='ocrx_word' id='word_1_243' title='bbox 103 1825 230 1866; x_wconf 86' lang='lat' dir='ltr'><em>huius</em></span> <span class='ocrx_word' id='word_1_244' title='bbox 264 1825 380 1867; x_wconf 91' lang='lat' dir='ltr'><em>modi</em></span> <span class='ocrx_word' id='word_1_245' title='bbox 413 1824 738 1877; x_wconf 75' lang='lat' dir='ltr'><em>controuersiis,</em></span> <span class='ocrx_word' id='word_1_246' title='bbox 776 1838 908 1864; x_wconf 90' lang='lat' dir='ltr'><em>unum</em></span> <span class='ocrx_word' id='word_1_247' title='bbox 941 1826 1088 1864; x_wconf 85' lang='lat' dir='ltr'><em>tamen</em></span> <span class='ocrx_word' id='word_1_248' title='bbox 1121 1822 1306 1863; x_wconf 83' lang='lat' dir='ltr'><em>sufficiet</em></span> <span class='ocrx_word' id='word_1_249' title='bbox 1343 1822 1459 1876; x_wconf 83' lang='lat' dir='ltr'><em>poni,</em></span> 
     </span>
     <span class='ocr_line' id='line_1_41' title="bbox 104 1879 1459 1925; baseline -0.003 0"><span class='ocrx_word' id='word_1_250' title='bbox 104 1884 156 1925; x_wconf 89' lang='lat' dir='ltr'><em>ad</em></span> <span class='ocrx_word' id='word_1_251' title='bbox 195 1884 315 1925; x_wconf 88' lang='lat' dir='ltr'><em>cuius</em></span> <span class='ocrx_word' id='word_1_252' title='bbox 355 1883 685 1924; x_wconf 87' lang='lat' dir='ltr'><em>similitudinem</em></span> <span class='ocrx_word' id='word_1_253' title='bbox 724 1885 820 1923; x_wconf 86' lang='lat' dir='ltr'><em>acta</em></span> <span class='ocrx_word' id='word_1_254' title='bbox 856 1881 926 1922; x_wconf 89' lang='lat' dir='ltr'><em>uel</em></span> <span class='ocrx_word' id='word_1_255' title='bbox 966 1881 1082 1922; x_wconf 88' lang='lat' dir='ltr'><em>dicta</em></span> <span class='ocrx_word' id='word_1_256' title='bbox 1119 1883 1229 1922; x_wconf 89' lang='lat' dir='ltr'><em>sunt.</em></span> <span class='ocrx_word' id='word_1_257' title='bbox 1300 1881 1340 1922; x_wconf 90' lang='lat'><em>4.</em></span> <span class='ocrx_word' id='word_1_258' title='bbox 1371 1879 1459 1921; x_wconf 90' lang='lat' dir='ltr'><em>Nu-</em></span> 
     </span>
     <span class='ocr_line' id='line_1_42' title="bbox 104 1941 1459 1995; baseline -0.002 -12"><span class='ocrx_word' id='word_1_259' title='bbox 104 1943 287 1984; x_wconf 86' lang='lat' dir='ltr'><em>merium</em></span> <span class='ocrx_word' id='word_1_260' title='bbox 319 1942 614 1984; x_wconf 86' lang='lat' dir='ltr'><em>Narbonensis</em></span> <span class='ocrx_word' id='word_1_261' title='bbox 654 1941 783 1995; x_wconf 87' lang='lat' dir='ltr'><em>paulo</em></span> <span class='ocrx_word' id='word_1_262' title='bbox 826 1943 925 1981; x_wconf 88' lang='lat' dir='ltr'><em>ante</em></span> <span class='ocrx_word' id='word_1_263' title='bbox 962 1943 1172 1981; x_wconf 85' lang='lat' dir='ltr'><em>rectorem</em></span> <span class='ocrx_word' id='word_1_264' title='bbox 1211 1941 1459 1981; x_wconf 87' lang='lat' dir='ltr'><em>accusatum</em></span> 
     </span>
     <span class='ocr_line' id='line_1_43' title="bbox 106 1997 1459 2053; baseline -0.003 -11"><span class='ocrx_word' id='word_1_265' title='bbox 106 2005 154 2042; x_wconf 89' lang='lat' dir='ltr'><em>ut</em></span> <span class='ocrx_word' id='word_1_266' title='bbox 193 2001 330 2042; x_wconf 66' lang='lat' dir='ltr'><em>fui-(un</em></span> <span class='ocrx_word' id='word_1_267' title='bbox 370 2001 579 2042; x_wconf 82' lang='lat' dir='ltr'><em>inusitato</em></span> <span class='ocrx_word' id='word_1_268' title='bbox 612 2000 804 2041; x_wconf 88' lang='lat' dir='ltr'><em>censorio</em></span> <span class='ocrx_word' id='word_1_269' title='bbox 843 1999 993 2053; x_wconf 84' lang='lat' dir='ltr'><em>uigore</em></span> <span class='ocrx_word' id='word_1_270' title='bbox 1032 2013 1110 2052; x_wconf 87' lang='lat' dir='ltr'><em>pro</em></span> <span class='ocrx_word' id='word_1_271' title='bbox 1142 1997 1353 2040; x_wconf 85' lang='lat' dir='ltr'><em>tribunali</em></span> <span class='ocrx_word' id='word_1_272' title='bbox 1388 2011 1459 2051; x_wconf 89' lang='lat' dir='ltr'><em>pa-</em></span> 
     </span>
     <span class='ocr_line' id='line_1_44' title="bbox 106 2055 1513 2112; baseline -0.002 -12"><span class='ocrx_word' id='word_1_273' title='bbox 106 2059 193 2101; x_wconf 88' lang='lat' dir='ltr'><em>lam</em></span> <span class='ocrx_word' id='word_1_274' title='bbox 227 2060 425 2100; x_wconf 80' lang='lat' dir='ltr'><em>admissis</em></span> <span class='ocrx_word' id='word_1_275' title='bbox 458 2059 705 2100; x_wconf 84' lang='lat' dir='ltr'><em>uolentibus</em></span> <span class='ocrx_word' id='word_1_276' title='bbox 726 2057 938 2111; x_wconf 81' lang='lat' dir='ltr'><em>audiebat,</em></span> <span class='ocrx_word' id='word_1_277' title='bbox 970 2058 1044 2112; x_wconf 93' lang='lat' dir='ltr'><em>qui</em></span> <span class='ocrx_word' id='word_1_278' title='bbox 1072 2071 1168 2098; x_wconf 89' lang='lat' dir='ltr'><em>eum</em></span> <span class='ocrx_word' id='word_1_279' title='bbox 1200 2055 1458 2098; x_wconf 78' lang='lat' dir='ltr'><em>infitiatione</em></span> <span class='ocrx_word' id='word_1_280' title='bbox 1478 2065 1513 2091; x_wconf 78' lang='lat'><em>20</em></span> 
     </span>
     <span class='ocr_line' id='line_1_45' title="bbox 104 2114 1460 2171; baseline -0.002 -13"><span class='ocrx_word' id='word_1_281' title='bbox 104 2118 350 2158; x_wconf 84' lang='lat' dir='ltr'><em>defenderet</em></span> <span class='ocrx_word' id='word_1_282' title='bbox 387 2118 567 2171; x_wconf 82' lang='lat' dir='ltr'><em>obiecta,</em></span> <span class='ocrx_word' id='word_1_283' title='bbox 604 2132 681 2158; x_wconf 86' lang='lat' dir='ltr'><em>neo</em></span> <span class='ocrx_word' id='word_1_284' title='bbox 725 2119 871 2170; x_wconf 85' lang='lat' dir='ltr'><em>posset</em></span> <span class='ocrx_word' id='word_1_285' title='bbox 903 2117 948 2157; x_wconf 90' lang='lat' dir='ltr'><em>in</em></span> <span class='ocrx_word' id='word_1_286' title='bbox 986 2130 1202 2170; x_wconf 89' lang='lat' dir='ltr'><em>quoquam</em></span> <span class='ocrx_word' id='word_1_287' title='bbox 1234 2114 1460 2167; x_wconf 83' lang='lat' dir='ltr'><em>confutari,</em></span> 
     </span>
    </p>
   </div>
   <div class='ocr_carea' id='block_1_8' title="bbox 107 2227 1463 2367">
    <p class='ocr_par' dir='ltr' id='par_1_11' title="bbox 107 2227 1463 2367">
     <span class='ocr_line' id='line_1_46' title="bbox 199 2227 1463 2267; baseline -0.004 -1"><span class='ocrx_word' id='word_1_288' title='bbox 199 2236 219 2267; x_wconf 82' lang='lat'><strong>5</strong></span> <span class='ocrx_word' id='word_1_289' title='bbox 243 2232 443 2266; x_wconf 81' lang='lat' dir='ltr'><em>hibernans</em></span> <span class='ocrx_word' id='word_1_290' title='bbox 467 2231 533 2266; x_wconf 86' lang='lat' dir='ltr'><em>VP</em></span> <span class='ocrx_word' id='word_1_291' title='bbox 580 2236 599 2265; x_wconf 88' lang='grc'><strong>9</strong></span> <span class='ocrx_word' id='word_1_292' title='bbox 653 2231 858 2265; x_wconf 83' lang='lat' dir='ltr'><em>resumeret</em></span> <span class='ocrx_word' id='word_1_293' title='bbox 888 2230 999 2265; x_wconf 85' lang='lat' dir='ltr'><em>VPba</em></span> <span class='ocrx_word' id='word_1_294' title='bbox 1050 2230 1212 2264; x_wconf 77' lang='lat' dir='ltr'><em>remeret</em></span> <span class='ocrx_word' id='word_1_295' title='bbox 1237 2229 1271 2263; x_wconf 84' lang='lat' dir='ltr'><strong><em>G</em></strong></span> <span class='ocrx_word' id='word_1_296' title='bbox 1316 2228 1409 2263; x_wconf 77' lang='lat' dir='ltr'><em>haut</em></span> <span class='ocrx_word' id='word_1_297' title='bbox 1431 2227 1463 2261; x_wconf 83' lang='lat' dir='ltr'><strong><em>V</em></strong></span> 
     </span>
     <span class='ocr_line' id='line_1_47' title="bbox 108 2272 1459 2312; baseline -0.004 -1"><span class='ocrx_word' id='word_1_298' title='bbox 108 2282 149 2312; x_wconf 91' lang='lat'><em>13</em></span> <span class='ocrx_word' id='word_1_299' title='bbox 174 2277 253 2311; x_wconf 88' lang='lat' dir='ltr'><em>dire</em></span> <span class='ocrx_word' id='word_1_300' title='bbox 279 2287 383 2310; x_wconf 82' lang='lat' dir='ltr'><em>meus</em></span> <span class='ocrx_word' id='word_1_301' title='bbox 415 2276 446 2309; x_wconf 82' lang='lat' dir='ltr'><em>V</em></span> <span class='ocrx_word' id='word_1_302' title='bbox 510 2281 546 2310; x_wconf 85' lang='lat'><em>17</em></span> <span class='ocrx_word' id='word_1_303' title='bbox 572 2287 618 2310; x_wconf 88' lang='lat' dir='ltr'><em>ue</em></span> <span class='ocrx_word' id='word_1_304' title='bbox 659 2275 760 2310; x_wconf 81' lang='lat' dir='ltr'><em>dicta</em></span> <span class='ocrx_word' id='word_1_305' title='bbox 791 2275 893 2309; x_wconf 80' lang='lat' dir='ltr'><em>VGA</em></span> <span class='ocrx_word' id='word_1_306' title='bbox 916 2285 981 2309; x_wconf 85' lang='lat' dir='ltr'><em>om.</em></span> <span class='ocrx_word' id='word_1_307' title='bbox 1029 2275 1066 2309; x_wconf 74' lang='lat' dir='ltr'><em>&gt;b</em></span> <span class='ocrx_word' id='word_1_308' title='bbox 1153 2278 1192 2308; x_wconf 84' lang='lat'><em>18</em></span> <span class='ocrx_word' id='word_1_309' title='bbox 1217 2274 1361 2308; x_wconf 86' lang='lat' dir='ltr'><em>rectore</em></span> <span class='ocrx_word' id='word_1_310' title='bbox 1391 2272 1459 2307; x_wconf 80' lang='lat' dir='ltr'><em>VP</em></span> 
     </span>
     <span class='ocr_line' id='line_1_48' title="bbox 107 2317 1461 2367; baseline -0.003 -11"><span class='ocrx_word' id='word_1_311' title='bbox 107 2326 150 2357; x_wconf 86' lang='lat'><em>19</em></span> <span class='ocrx_word' id='word_1_312' title='bbox 174 2321 297 2367; x_wconf 86' lang='lat' dir='ltr'><em>rigore</em></span> <span class='ocrx_word' id='word_1_313' title='bbox 322 2322 388 2366; x_wconf 75' lang='lat' dir='ltr'><em>bya</em></span> <span class='ocrx_word' id='word_1_314' title='bbox 436 2325 479 2356; x_wconf 81' lang='lat'><em>20</em></span> <span class='ocrx_word' id='word_1_315' title='bbox 505 2320 669 2354; x_wconf 83' lang='lat' dir='ltr'><em>audebat</em></span> <span class='ocrx_word' id='word_1_316' title='bbox 699 2319 764 2354; x_wconf 85' lang='lat' dir='ltr'><em>VP</em></span> <span class='ocrx_word' id='word_1_317' title='bbox 811 2319 1019 2354; x_wconf 82' lang='lat' dir='ltr'><em>infitatione</em></span> <span class='ocrx_word' id='word_1_318' title='bbox 1044 2318 1109 2353; x_wconf 83' lang='lat' dir='ltr'><em>VP</em></span> <span class='ocrx_word' id='word_1_319' title='bbox 1126 2318 1238 2353; x_wconf 77' lang='lat' dir='ltr'><em>insita</em></span> <span class='ocrx_word' id='word_1_320' title='bbox 1254 2317 1398 2352; x_wconf 80' lang='lat' dir='ltr'><em>ratione</em></span> <span class='ocrx_word' id='word_1_321' title='bbox 1415 2317 1461 2362; x_wconf 65' lang='grc' dir='ltr'><em>ὃς]</em></span> 
     </span>
    </p>
   </div>
  </div>
 </body>
</html>
