1614 2549
375 112 717 152 CONSTANTIVS
742 109 802 146 ΕΤ
828 107 1015 146 GALLVS
1041 110 1106 143 353
1389 104 1417 144 9

64 217 176 269 ferae
205 214 319 255 fame
350 211 538 253 monitae
570 209 821 263 plerumque
854 205 907 246 ad
932 218 1028 245 eum
1060 202 1203 243 locum
1233 199 1309 241 ubi
1341 199 1420 239 ali--

69 274 235 330 quando
274 274 426 326 pastae
465 270 564 310 sunt
607 267 898 316 reuertuntur,
942 263 1004 304 ita
1040 260 1239 302 homines
1278 258 1422 298 instar·

67 332 251 375 turbinis
290 328 482 384 degressi
526 326 745 368 montibus
790 321 1007 376 impeditis
1047 322 1089 361 et
1133 317 1276 360 arduis
1320 316 1417 357 loca-

67 392 258 447 petiuere
295 388 406 430 mari
444 385 646 438 confinia,
683 397 760 437 per
792 395 899 436 quae
937 379 1019 421 uiis
1058 376 1290 419 latebrosis
1324 388 1416 415 sese

6 454 49 494 '5
69 449 423 501 conuallibusque
456 445 721 486 occultantes
755 455 851 482 cum
888 439 1141 493 appeterent
1181 436 1328 476 noctes
1361 457 1415 462 —-

67 510 170 551 luna
202 508 334 549 etiam
364 508 458 546 tum
490 505 669 545 cornuta
700 500 878 553 ideoque
898 496 1088 538 nondum
1109 494 1246 536 solido
1279 492 1424 546 splen->

68 569 168 610 dore
200 566 393 619 fulgente
426 587 481 591 —
512 561 708 603 nauticos
742 557 1045 600 obseruabant.
1108 567 1213 607 quos
1247 566 1342 592 cum
1374 551 1419 590 in

70 639 266 668 somnum
304 622 514 664 sentirent
558 620 714 661 effusos
758 631 834 671 per
871 614 1107 666 ancoralia,
1145 608 1419 665 quadrupedo

70 685 205 740 gradu
235 685 433 736 repentes
467 693 643 733 seseque
677 675 896 730 suspensis
929 672 1129 728 passibus
1162 669 1418 711 iniectantes

18 762 52 786 ιο
70 745 116 785 in
135 742 317 796 scaphas
350 739 510 781 eisdem
532 737 690 779 sensim
720 735 830 776 nihil
852 731 1129 787 opinantibus
1151 726 1421 770 adsistebant

71 806 113 844 et
144 800 395 842 incendente
429 797 637 839 auiditate
659 794 887 836 saeuitiam
913 806 966 832 ne
988 788 1228 832 cedentium
1249 785 1420 840 quidem

69 861 150 902 ulli
180 858 393 914 parcendo
415 854 683 898 obtruncatis
711 852 908 894 omnibus
929 863 1091 890 merces
1113 846 1279 900 opimas
1300 843 1421 885 uelut

69 920 179 962 uiles
217 918 349 959 nullis
382 913 724 969 repugnantibus
769 910 1034 952 auertebant.
1101 906 1291 958 haecque
1334 916 1420 942 non

71 979 143 1019 diu
158 980 257 1018 sunt
270 977 532 1030 perpetrata.
553 973 591 1014 3.
607 970 791 1025 cognitis
808 969 922 1010 enim
936 967 1170 1021 pilatorum
1185 975 1423 1004 caesorum—

18 1055 52 1080 15
72 1052 152 1092 que
191 1035 411 1077 fimeribus
449 1046 573 1073 nemo
612 1030 762 1071 deinde
802 1028 854 1069 ad
891 1027 970 1068 has
1010 1024 1220 1066 stationes
1254 1019 1422 1074 appulit

71 1110 236 1148 navem,
280 1093 353 1134 sed
396 1096 444 1133 ut
477 1090 666 1133 Scironis
698 1089 931 1142 praerupta
969 1084 1120 1125 letalia
1156 1080 1421 1122 declinantes

71 1154 271 1196 litoribus
312 1151 482 1206 Cypriis
522 1147 715 1202 contigui
757 1145 1044 1199 nauigabant,
1083 1154 1190 1195 quae
1229 1137 1422 1179 Isauriae

73 1212 258 1267 scopulis
281 1213 380 1252 sunt
395 1212 684 1251 controuersa.
716 1206 756 1246 4.
769 1203 1025 1259 procedente
1046 1201 1180 1254 igitur
1199 1212 1300 1238 mox
1318 1198 1424 1237 tem—

71 1286 173 1326 pore
207 1285 302 1312 cum
341 1268 630 1310 aduenticium
669 1264 779 1306 nihil
824 1261 1108 1312 inueniretur,
1152 1257 1304 1298 relicta
1348 1268 1424 1295 ora

19 1348 53 1373 20
73 1330 292 1372 maritima
324 1329 368 1369 in
393 1326 655 1381 Lycaoniam
688 1323 897 1364 adnexam
928 1318 1121 1361 Isauriae
1155 1330 1199 1357 se
1238 1313 1424 1355 contule-

72 1391 172 1431 runt
206 1388 351 1441 ibique
383 1385 525 1427 densis
557 1382 915 1435 intersaepientes
947 1378 1104 1420 itinera
1135 1371 1424 1430 praetenturis

71 1446 403 1502 prouincialium
437 1447 479 1485 et
509 1443 727 1484 uiator-um
748 1440 901 1493 opibus
933 1436 1232 1491 pascebantur.
1294 1431 1333 1472 5.
1359 1444 1426 1471 ex-

75 1506 228 1548 citauit
258 1504 329 1545 hic
362 1503 489 1545 ardor
520 1501 682 1542 milites
715 1514 790 1553 per
819 1495 1053 1550 municipia
1084 1492 1283 1547 plurima,
1316 1502 1424 1544 quae

73 1565 209 1606 isdem
241 1562 569 1614 conterminant,
600 1558 833 1613 dispositos
873 1557 915 1597 et
954 1553 1152 1605 castella,
1196 1550 1271 1592 sed
1315 1547 1427 1602 quis-

21 1641 55 1667 25
75 1639 155 1678 que
199 1624 417 1676 serpentes
461 1620 593 1661 latius
638 1632 715 1671 pro
760 1616 924 1657 uiribus
975 1612 1182 1666 repellere
1232 1607 1427 1658 moliens,

73 1697 186 1724 nunc
217 1681 360 1736 globis
393 1679 627 1731 confertos,
667 1675 928 1730 aliquotiens
962 1674 1005 1713 et
1035 1670 1253 1723 dispersos
1285 1664 1428 1706 multi-

73 1742 220 1782 tudine
254 1739 537 1793 superabatur
568 1735 746 1789 ingenti,
778 1747 886 1788 quae
917 1733 1022 1772 nata
1043 1732 1085 1770 et
1117 1727 1296 1769 educata
1315 1725 1429 1765 inter

75 1800 212 1842 editos
244 1810 528 1850 recuruosque
550 1795 738 1836 ambitus
771 1791 984 1833 montium
1005 1803 1076 1829 eos
1096 1789 1145 1828 ut
1176 1785 1271 1826 loca
1298 1782 1428 1836 plana

75 1858 289 1914 persultat
321 1860 364 1897 et
383 1855 547 1908 mollia,
578 1852 818 1894 missilibus
839 1849 992 1891 obuios
1013 1846 1178 1888 eminus
1211 1844 1427 1883 lacessens

25 1935 58 1960 30
78 1921 120 1959 et
138 1917 309 1959 ululatu
328 1915 439 1956 truci
459 1915 716 1968 perterrens.
773 1910 812 1951 6.
833 1906 1054 1960 coactique
1077 1901 1335 1957 aliquotiens
1355 1912 1428 1939 no-

78 1977 154 2018 stri
188 1975 353 2030 pedites
375 1973 428 2015 ad
460 1987 532 2014 eos
564 1968 878 2025 persequendos
906 1964 1106 2007 scandere
1139 1961 1272 2003 cliuos
1300 1957 1430 1999 subli-

76 2050 166 2077 mes
200 2034 332 2075 etiam
366 2032 402 2073 si
439 2029 714 2084 lapsantibus
752 2025 916 2080 plantis
953 2023 1155 2064 fruticeta
1187 2015 1428 2073 prensando

170 2183 187 2212 1
213 2178 315 2213 ferae
344 2177 378 2211 G
401 2185 468 2212 om.
498 2174 611 2209 VPba
642 2172 784 2207 bestiae
815 2168 982 2204 Valesius
1015 2166 1106 2210 (coll.
1134 2163 1225 2207 Cic.)
1322 2164 1342 2193 2
1366 2158 1430 2209 110-

77 2226 197 2258 mines
222 2222 413 2266 Kiessliny
442 2230 570 2254 omnes
602 2217 704 2253 codd.
791 2220 813 2250 4
838 2214 931 2249 auiis
956 2211 1146 2253 Kiessliny
1228 2210 1269 2242 10
1294 2214 1431 2240 semim

77 2268 263 2314 Eyssenh.
289 2267 388 2301 enim
416 2265 531 2300 VPba
555 2274 621 2298 om.
650 2262 684 2296 G
763 2264 801 2295 11
828 2257 1070 2294 cendentium
1104 2254 1173 2289 VP
1255 2255 1296 2285 12
1325 2248 1432 2284 uelut

78 2315 174 2349 uiles
209 2313 243 2347 G
276 2311 341 2346 uel
375 2309 488 2345 utiles
525 2308 640 2343 VPba
739 2308 781 2339 14
817 2304 1022 2349 pilatorum
1062 2299 1131 2334 VA
1165 2297 1353 2332 uiatorum
1389 2293 1434 2336 by

80 2364 120 2394 21
146 2356 444 2401 interasipientis
472 2354 506 2388 V
537 2353 684 2387 interea
708 2350 897 2395 sepientes
919 2348 956 2382 A
990 2347 1089 2381 inter
1114 2340 1365 2378 obsidentium
1391 2337 1434 2381 by

79 2408 124 2439 24
147 2402 212 2437 sed
236 2401 369 2445 scripsi
394 2405 431 2434 et
455 2398 558 2435 codd.
