1614 2549
347 50 684 86 CONSTANTIVS
708 51 772 86 ET
797 51 1026 87 IVLIANVS
1050 26 1130 88 359*
1323 55 1404 97 193

52 145 285 187 manebant
321 145 366 186 in
402 145 516 187 fano.
577 145 616 186 5.
649 160 700 186 ex
730 145 798 187 his
831 145 977 200 aliqua
1008 146 1061 188 ad
1098 147 1403 201 imperatorem

52 204 244 258 maligne
275 207 375 246 sunt
394 205 538 258 missa,
570 203 656 258 qui,
686 206 734 246 ut
765 207 857 246 erat
888 205 1062 259 angusti
1091 205 1292 260 pectoris,
1331 206 1403 248 ob-

52 263 299 304 surdescens
338 263 383 304 in
415 263 511 304 aliis
545 263 677 304 etiam
706 263 888 304 nimium
919 264 1042 306 seriis
1081 264 1127 305 in
1157 263 1240 306 hoc
1269 265 1400 306 titulo

51 322 150 375 ima,
187 322 301 375 quod
333 322 465 375 aiunt,
503 322 695 363 auricula
725 322 899 363 mollior
936 325 979 364 et
1017 323 1214 376 suspicax
1252 326 1296 365 et
1326 324 1404 365 mi-

15 383 178 438 §nutus
200 380 287 421 acri
319 380 421 422 felle
448 381 680 422 concaluit:
714 381 943 435 statimque
963 381 1017 422 ad
1042 382 1252 423 orientem
1283 382 1401 424 ocius

20 439 114 481 s'ire
157 440 324 481 monuit
360 439 544 481 Paulum
585 441 802 493 potestate
841 439 995 493 delata,
1033 442 1082 481 ut
1113 440 1250 482 instar
1282 440 1400 482 ducis

49 512 193 539 rerum
231 499 495 552 experientia
527 498 633 539 clari
671 497 723 538 ad
755 497 982 539 arbitrium
1020 513 1144 539 suum
1176 499 1313 540 audiri
1346 500 1403 540 ef·

50 556 197 598 ficeret
241 571 401 598 causas.
472 557 511 598 6.
556 556 785 610 datumque
830 559 895 597 est
936 557 1160 611 negotium
1203 557 1401 600 Modesto

51 616 183 656 etiam
214 618 307 656 tum
338 630 415 669 per
447 615 657 656 orientem
689 615 836 656 comiti
869 618 970 669 apto
1004 615 1056 657 ad
1087 615 1193 657 haec
1214 619 1257 658 et
1288 617 1403 657 simi-

14 685 31 712 ο
50 674 121 715 lia.
182 673 477 729 Hermogenes
516 674 630 715 enim
660 674 864 715 Ponticus
903 689 954 715 ea
989 677 1246 728 tempestate
1283 689 1403 729 prae—

49 733 186 774 fectus
218 733 437 787 praetorio
469 735 518 774 ut
550 732 726 774 lenioris
759 732 921 786 ingenii
954 734 1247 787 spernebatur.

170 793 206 832 7.
238 792 446 846 Perrexit,
477 794 526 833 ut
557 794 834 846 praeceptum
860 794 936 845 est,
967 791 1127 833 Paulus
1147 792 1309 834 funesti
1339 792 1402 834 fu—

11 880 13 882 .
48 851 159 891 roris
180 853 222 892 et
243 851 456 892 anhelitus
487 851 639 904 plenus
661 851 843 904 dataque
864 851 1102 891 calumniae
1131 851 1401 905 indulgentia

8 907 10 909 ’
47 909 225 963 plurimi
257 910 520 951 ducebantur
553 909 605 950 ab
634 909 736 950 orbe
767 923 902 962 prope
933 912 1147 950 terrarum
1178 910 1299 951 iuxta
1329 924 1402 951 no-

49 968 158 1009 biles
192 970 234 1009 et
254 968 438 1021 obscuri,
472 982 652 1022 quorum
673 968 839 1021 aliquos
860 967 1129 1009 uinculorum
1150 968 1402 1009 adflixerant

7 1059 11 1062 .
47 1041 199 1081 nexus,
238 1027 347 1068 alios
387 1026 576 1068 claustra
611 1026 815 1080 poenalia
853 1029 1221 1080 consumpserunt.
1283 1027 1320 1068 8.
1358 1029 1402 1068 et

49 1085 186 1127 electa
217 1088 283 1127 est
314 1085 550 1140 spectatrix
588 1085 899 1139 suppliciorum
936 1085 1138 1126 feralium
1169 1085 1323 1127 ciuitas
1355 1085 1402 1127 in

0 1166 1 1170 =
45 1144 296 1186 Palaestina
341 1143 644 1198 Scythopolis,
695 1143 869 1198 gemina
912 1144 1078 1185 ratione
1122 1144 1217 1185 uisa
1260 1144 1400 1198 magis

6 1238 13 1259 ,2
48 1203 247 1245 omnibus
281 1206 504 1257 oportuna,
537 1203 649 1257 quod
681 1202 884 1244 secretior
917 1206 960 1244 et
990 1203 1102 1244 inter
1121 1202 1401 1244 Antiochiam

0 1301 3 1304 ,
48 1262 439 1316 Alexandriamque
471 1262 624 1315 media,
654 1261 765 1303 unde
798 1262 925 1303 multi
956 1261 1207 1316 plerumque
1239 1262 1292 1303 ad
1323 1262 1402 1303 cri-

48 1322 166 1362 mina
196 1321 490 1362 trahebantur.

166 1380 205 1421 9.
224 1380 389 1421 Ductus
423 1382 488 1420 est
519 1379 663 1433 itaque
696 1379 807 1420 inter
838 1379 1000 1432 primos
1024 1377 1269 1432 Simplicius
1302 1378 1402 1420 Phi-

47 1438 155 1493 lippi
199 1438 314 1480 filius
355 1453 405 1479 ex
447 1438 663 1492 praefecto
704 1441 745 1479 et
783 1438 969 1491 consule,
1012 1452 1109 1478 reus
1141 1437 1222 1479 hac
1261 1438 1402 1492 gratia

47 1498 302 1552 postulatus,
340 1497 455 1551 quod
491 1511 618 1551 super
657 1496 930 1551 adipiscendo
962 1497 1254 1550 interrogasse
1293 1496 1402 1538 dice-

12 1566 28 1592 5
47 1557 175 1598 batur
205 1556 399 1611 imperio,
431 1570 588 1610 perque
610 1556 800 1610 elogium
831 1555 1037 1609 principis
1059 1555 1252 1610 torqueri
1282 1570 1402 1609 prae-

48 1618 208 1669 ceptus,
252 1616 325 1669 qui
368 1615 414 1656 in
455 1615 524 1656 his
570 1615 738 1656 casibus
782 1629 860 1655 nec
902 1616 1124 1668 peccatum
1169 1614 1400 1668 aliquando

46 1675 203 1729 pietari
234 1674 409 1715 dederat
440 1688 517 1715 nec
550 1676 749 1727 erratum,
780 1673 869 1714 fato
893 1673 1076 1727 quodam
1110 1676 1279 1714 arcente
1312 1687 1402 1714 cor-

46 1747 150 1787 pore
182 1733 442 1775 inmaculato
475 1733 566 1774 lata
590 1733 696 1787 fuga
716 1733 940 1773 damnatus
963 1735 1038 1773 est.
1098 1732 1162 1773 10.
1184 1731 1283 1773 dein
1301 1731 1402 1773 Par-

46 1792 191 1834 nasius
219 1807 271 1833 ex
301 1792 519 1846 praefecto
540 1791 744 1846 Aegypti,
775 1791 904 1832 homo
937 1791 1199 1845 simplicium
1219 1805 1398 1843 morum,

48 1865 91 1892 eo
111 1850 314 1893 deductus
346 1850 540 1904 periculi,
571 1853 619 1891 ut
650 1850 999 1904 pronuntiaretur
1019 1850 1172 1904 capitis
1192 1864 1302 1902 reus,
1334 1849 1402 1890 iti-

48 1910 145 1951 dem
175 1910 324 1964 pulsus
357 1912 422 1950 est
447 1910 491 1950 in
523 1910 709 1963 exilium,
754 1923 879 1962 saepe
913 1908 1082 1950 auditus
1115 1908 1253 1949 multo
1287 1910 1403 1949 ante-

47 1968 128 2010 hac
165 1968 385 2010 rettulisse
419 1968 549 2023 quod,
588 1983 684 2010 cum
715 1967 869 2009 Patras
901 1967 1140 2008 Achaicum
1185 1965 1402 2021 oppidum,

141 2118 158 2146 1
183 2112 288 2147 fanso
317 2113 385 2147 VP
455 2117 475 2146 2
501 2112 653 2157 angusti
677 2112 839 2157 pectoris
867 2111 900 2145 G
924 2111 1074 2156 augusti
1104 2110 1259 2145 rectoris
1288 2110 1403 2145 VPba

46 2161 69 2192 4
92 2157 259 2191 minutus
287 2157 392 2192 VAP
414 2158 580 2192 munitus
604 2158 670 2202 rbq
745 2161 765 2191 6
790 2157 843 2191 ire
871 2156 905 2190 G
928 2167 967 2190 re
998 2155 1113 2190 VPba
1174 2159 1194 2190 8
1213 2159 1299 2199 post
1324 2155 1400 2190 Mo-

48 2201 154 2237 desto
194 2203 284 2239 add.
325 2203 562 2237 commissum
603 2202 637 2237 G
751 2206 793 2236 13
825 2199 1012 2236 calumnia
1051 2200 1291 2245 indiligentia
1334 2200 1403 2234 VP

50 2250 93 2281 14
115 2247 222 2282 iuxta
245 2267 287 2272 —
315 2251 356 2282 15
369 2247 606 2282 uinculorum
631 2247 719 2282 add.
748 2247 804 2281 Vm
853 2250 894 2281 19
920 2247 973 2290 et]
1001 2246 1101 2290 quod
1125 2246 1208 2281 Pha
1254 2249 1297 2280 27
1323 2245 1402 2290 pie-

47 2291 315 2371 tlassbaLanyen
350 2292 486 2337 pietati
521 2292 625 2328 codd.
718 2296 761 2327 28
796 2291 877 2326 lata
911 2301 978 2326 om.
1012 2290 1046 2326 G
1137 2294 1182 2326 30
1206 2300 1251 2325 eo
1278 2290 1311 2326 G
1335 2300 1407 2325 om..

119 2400 297 2428 Auxuuvs
317 2401 564 2429 MAneznmxvs.
1145 2397 1188 2428 13
