1614 2549
490 0 540 51 fl

388 53 696 119 ΟΟἶῖΤΑΝΤΝΞ
720 84 782 120 ET
807 83 1039 120 IVLiANVS
1064 87 1130 119 360
1353 83 1435 125 237

88 172 197 221 mum
238 160 431 220 antegcet
470 178 637 220 actibus
676 177 883 220 coalitum
898 209 1072 219 ........
1104 177 1321 232 gloriosiS,
1359 191 1435 218 nec

88 231 188 280 arm
220 231 295 266 οη

148 289 239 317 Ἕω
270 232 436 293 ,Ptatae
478 236 708 291 aequitatis
751 237 913 278 sentire
953 240 1177 289 rectorem,
1219 250 1346 290 quam
1377 249 1438 288 ea,

87 307 171 352 qua
213 295 404 353 ,iaudari
446 295 574 349 digne
614 298 846 349 potuerunt
884 298 926 336 et
966 295 1154 349 probari.
1215 296 1263 336 ut
1303 294 1439 348 igitur

87 348 211 409 qua'd'
238 354 447 409 proposui
492 354 702 395 abiectius
741 354 985 408 absoluam,
1018 354 1229 395 aduertite
1261 367 1336 395 oro
1368 352 1438 393 be-

55 427 72 453 5
90 413 249 467 niuole,
282 427 390 467 quae
425 427 620 454 sermone
652 413 775 454 breui
805 427 1065 467 percurram.

210 472 249 513 3.
280 472 477 512 Arbitrio
499 471 566 512 dei
593 471 791 512 caelestis
824 471 948 512 uobis
981 471 1094 511 inter
1125 471 1219 524 ipsa
1238 471 1439 511 iuuentae

86 530 330 572 rudimenta
366 530 604 584 permixtus
643 530 911 585 inruptiones
949 529 1292 571 Alamannormn
1330 528 1440 570 adsi-

86 589 191 631 duas
213 592 255 631 et
273 588 536 630 Francorum
566 589 885 643 populandique
906 589 1049 643 iugem
1070 588 1291 630 licentiam
1317 586 1440 641 fregi,

87 650 131 689 et
160 648 312 702 uigore
345 647 558 688 communi
589 646 797 688 Romanis
832 647 1077 701 agminibus
1101 646 1298 701 quotiens
1331 645 1439 686 libet

36 721 69 747 10
87 705 289 747 Rhenum
320 706 518 760 peruium
548 705 643 759 feei,
675 709 824 748 contra
855 720 1075 747 rumorum
1111 704 1309 746 fremitus
1343 717 1439 759 gen-

86 765 281 819 tiumque
314 764 555 806 ualidarum
586 765 800 806 uiolentos
835 779 1035 806 excursus
1076 764 1227 806 stando
1261 763 1441 804 inmobi-

86 823 155 878 lis,
186 824 360 865 uirtutis
381 826 550 864 uestrae
570 823 773 864 nimirum
803 824 1075 864 firmamento
1097 822 1293 864 confisus.
1338 822 1378 862 4.
1399 824 1441 862 et

87 882 194 924 haec
232 882 441 935 laborum,
481 896 585 936 quos
626 882 911 935 exhausimus,
956 881 1124 923 Galliae
1163 880 1439 934 spectatrices

88 944 188 995 post
218 941 369 982 funera
401 941 538 981 multa
577 941 849 995 iacturasque
888 942 1105 981 recreatae
1139 939 1363 980 diuturnas
1398 942 1440 978 et

35 1015 70 1041 15
90 1013 268 1054 graues,
305 999 554 1053 posteritati
590 1013 667 1052 per
706 1001 898 1040 aetatum
937 999 1133 1040 examina
1175 997 1442 1039 commenda-

88 1059 210 1100 bunt.
271 1057 309 1099 ἵ).
338 1060 383 1098 at
402 1072 511 1098 nunc
545 1072 639 1098 cum
661 1058 919 1099 auctoritate
939 1057 1075 1098 uestri
1106 1056 1250 1098 iudicii
1282 1070 1441 1096 rerum-

90 1131 171 1171 que
214 1117 473 1157 necessitate
520 1116 748 1169 conpulsus
795 1116 847 1158 ad
889 1119 1120 1170 augustum
1165 1115 1302 1156 elatus
1348 1128 1441 1155 sum

90 1176 270 1229 culmen,
314 1175 392 1216 deo
437 1174 645 1229 uobisque
690 1174 943 1228 fautoribus,
987 1175 1023 1215 si
1066 1174 1239 1216 fortuna
1278 1172 1440 1227 coeptis

91 1234 289 1288 adfuerit,
322 1233 452 1274 altius
480 1233 646 1274 adfecto
668 1234 845 1287 maiora,
877 1234 919 1274 id
950 1247 1052 1287 prae
1073 1247 1140 1273 me
1166 1232 1307 1273 ferens
1329 1231 1441 1286 quod

38 1309 72 1334 20
93 1293 310 1346 exercitui,
343 1292 461 1333 cuius
495 1291 689 1346 aequitas
711 1306 1010 1346 armorumque
1043 1291 1247 1332 inclaruit
1279 1289 1442 1344 magni-

91 1352 208 1406 tudo,
240 1351 357 1392 domi
388 1351 633 1392 moderatus
666 1351 783 1391 uisus
817 1365 911 1392 sum
944 1353 986 1391 et
1023 1349 1284 1404 tranquillus
1324 1352 1366 1389 et
1399 1349 1442 1388 in

92 1410 323 1452 crebritate
354 1409 569 1450 bellorum
590 1412 739 1450 contra
774 1410 1042 1463 conspiratas
1076 1409 1270 1463 gentium
1296 1407 1442 1461 copias

92 1469 383 1510 consideratus
423 1471 465 1508 et
498 1470 659 1509 cautus,
722 1468 760 1509 6.
792 1471 839 1509 ut
877 1468 1011 1522 igitur
1052 1467 1231 1508 aduersa
1270 1480 1443 1520 praeue-

92 1528 263 1569 niamus
285 1527 493 1568 mentium
526 1526 732 1568 societate
764 1526 1046 1579 iunctissima,
1079 1525 1308 1580 sequimini
1327 1524 1444 1565 uiam

43 1601 78 1626 25
99 1587 268 1628 consilii
298 1586 383 1626 mei
416 1585 664 1638 salutarem,
694 1588 743 1626 ut
774 1589 891 1640 puto,
924 1600 1019 1626 cum
1052 1584 1281 1638 integritas
1301 1597 1444 1624 rerum

93 1645 324 1686 intentioni
367 1647 541 1686 nostrae
585 1644 886 1698 uoluntatique
931 1643 1207 1697 respondeat,
1258 1645 1301 1683 et
1344 1642 1445 1682 dum

93 1704 329 1745 maioribus
361 1706 519 1744 uacant
550 1703 776 1756 praesidiis
809 1703 1006 1757 regiones
1033 1701 1248 1756 Illyricae,
1279 1701 1444 1754 inprae-

93 1762 238 1818 pedito
277 1777 402 1803 cursu
445 1761 668 1802 tendentes
706 1761 938 1803 Daciarum
977 1761 1151 1802 interim
1196 1760 1302 1801 fines
1343 1759 1446 1800 exti-

94 1836 188 1862 mos
224 1835 490 1875 occupemus,
529 1820 676 1861 exinde
717 1820 818 1874 quid
858 1820 929 1874 agi
961 1822 1160 1873 oporteat
1197 1818 1322 1859 bonis
1357 1831 1446 1858 suc-

42 1895 77 1920 30
98 1880 289 1922 cessibus
322 1879 572 1920 instruendi.
635 1879 673 1920 7.
706 1882 750 1920 at
781 1893 858 1920 uos
892 1893 942 1919 ex
973 1893 1090 1919 more
1122 1877 1345 1919 fidentium
1376 1875 1447 1917 du·
1577 1921 1614 1925 Ἡ

190 2057 206 2086 1
234 2053 411 2120 ΞοᾶΙίΐ-,μω
440 2053 624 2103 (coactum
654 2052 716 2097 V2)
737 2051 820 2096 [Iac.
845 2053 869 2085 8
893 2051 981 2102 litt]
1006 2050 1181 2129 ιἓνΙιΙοΥἱεζεήε
1201 2048 1268 2100 VJ?
1284 2050 1362 2099 sive
1379 2048 1448 2083 Iac.

99 2099 284 2193 ligimus?
304 2097 595 2192 ,ailiffiEijsszlolzilifn
617 2097 783 2185 pgcoquatss
803 2096 886 2185 affigi?
890 2096 983 2184 cdiiis
993 2139 1027 2173 V
1025 2093 1449 2191 glesguaglgfficfssbzss

98 2188 293 2232 uigentem
318 2187 338 2221 b
408 2191 447 2221 12
473 2187 649 2220 nimirum
685 2185 843 2220 V²GAP
875 2185 1116 2219 nihilominus
1155 2184 1196 2219 rb
1263 2187 1330 2235 ·19
1361 2182 1448 2217 affe-

70 2240 72 2242 ’
101 2232 209 2266 ctabo
238 2231 271 2266 G
362 2236 405 2266 21
432 2232 470 2282 et
495 2232 596 2265 domi
623 2231 657 2265 G
699 2275 706 2281 ·
748 2230 973 2274 tranquillus
1000 2231 1038 2264 et
1065 2230 1097 2264 G
1121 2228 1325 2272 tranquilla
1348 2228 1449 2262 lucet

103 2276 172 2311 VP
263 2280 305 2310 22
331 2277 560 2321 conspiratas
592 2276 626 2311 G
652 2276 809 2320 spiratas
844 2275 911 2310 VP
1003 2278 1044 2309 ‘27
1076 2276 1217 2319 uagant
1246 2273 1280 2308 V
1366 2278 1449 2306 *re-

101 2320 221 2356 trionis
250 2321 284 2355 V
328 2325 370 2356 30
396 2323 435 2356 at
458 2332 523 2355 uos
553 2320 719 2356 Valesius
744 2322 785 2354 ut
810 2330 902 2364 quos
932 2319 1020 2355 VPb
1045 2320 1160 2363 utque
1190 2318 1223 2353 G
1271 2328 1315 2352 ex
1346 2327 1448 2351 more

100 2349 196 2400 1l'Pb
214 2367 270 2401 est
293 2376 372 2400 mos
399 2366 433 2400 G
