1614 2549
26 722 59 748 10

28 1016 61 1041 15

28 1310 61 1334 20

29 1602 63 1628 25

399 81 736 117 CONSTANTIVS
760 82 822 117 ET
847 81 1033 118 GALLVS
1058 87 1123 119 353
1374 85 1428 127 31

78 178 302 233 imperiale
343 179 648 232 praeceptum,
680 176 889 231 dispicere
929 177 1022 218 litis
1064 177 1252 219 exitialis
1298 182 1431 220 certa-

78 237 196 279 mina
240 237 476 291 cogebatur
519 235 710 276 abnuens
757 238 799 276 et
848 236 1107 290 reclamans,
1158 236 1430 278 adulatorum

79 296 398 338 oblatrantibus
430 294 598 347 turmis,
630 294 862 335 bellicosus
897 309 998 336 sane
1030 295 1239 350 milesque
1264 309 1431 350 semper

79 358 123 395 et
154 354 343 395 militum
375 354 526 395 ductor
559 352 632 393 sed
664 352 909 394 forensibus
942 354 1094 407 iurgiis
1127 354 1256 408 longe
1276 354 1430 396 discre-

78 417 166 467 tus,
200 413 273 467 qui
304 415 422 454 metu
454 412 519 453 sui
550 411 812 453 discriminis
845 412 997 453 anxius
1031 426 1125 453 cum
1158 415 1429 455 accusatores

80 472 431 526 quaesitoresque
477 469 718 512 subditiuos
765 470 847 511 sibi
887 471 1154 512 consociatos
1200 486 1251 513 ex
1294 472 1431 513 isdem

78 531 216 572 foueis
250 533 442 572 cerneret
474 531 754 582 emergentes,
787 544 895 584 quae
928 529 1040 570 clam
1071 530 1273 583 palamue
1294 531 1432 585 agita-

78 590 254 643 bantur,
293 589 472 631 occultis
511 587 814 629 Constantium
850 588 1010 629 litteris
1050 588 1257 630 edocebat
1294 589 1431 643 inplo-

78 663 178 689 rans
200 648 403 701 subsidia,
436 661 617 702 quorum
649 649 766 687 metu
798 649 941 688 tumor
959 647 1212 688 notissimus
1233 646 1431 689 Caesaris

80 707 313 749 exhalaret.
374 707 413 748 2.
458 706 530 747 sed
569 705 737 747 cautela
775 706 911 747 nimia
948 706 994 748 in
1030 705 1198 760 peiores
1230 706 1432 748 haeserat

79 766 246 820 plagas,
277 769 325 807 ut
343 765 616 807 narrabimus
637 767 801 818 post-ea,
828 765 1008 806 aemulis
1030 765 1430 807 consarcinantibus

79 825 258 866 insidias
291 838 444 879 graues
467 824 579 878 apud
599 821 913 877 Constantium,
945 827 1087 865 cetera
1106 824 1294 865 medium
1307 824 1432 890 ‘prin-

81 885 218 938 cipem
251 883 323 925 sed
362 883 503 937 siquid
542 881 717 924 auribus
758 882 849 923 eius
889 857 1016 924 liuius
1049 882 1165 923 modi
1198 882 1339 936 quiuis
1372 883 1432 923 in-

79 942 263 984 fudisset
299 942 493 996 ignotus,
532 940 733 983 acerbum
767 943 809 981 et
847 941 1154 1007 inplacabilem
1186 944 1230 982 et
1268 941 1312 982 in
1351 941 1431 983 hoc

81 1016 308 1044 causarum
317 976 468 1042 Otitulo
502 999 758 1042 dissimilem
791 1000 868 1041 sui.

200 1060 238 1101 3.
258 1060 443 1101 Proinde
463 1060 530 1100 die
545 1059 730 1100 funestis
745 1058 1159 1113 interrogationibus
1170 1059 1430 1112 praestituto

81 1119 365 1173 imaginarius
398 1119 524 1160 iudex
556 1117 749 1172 equitum
781 1117 941 1159 resedit
979 1118 1190 1172 magister
1222 1117 1429 1158 adhibitis

82 1178 181 1220 aliis
219 1179 307 1219 iam
346 1192 454 1232 quae
494 1180 637 1218 essent
671 1176 837 1230 agenda
874 1177 1136 1230 praedoctis,
1175 1178 1218 1217 et
1256 1175 1431 1217 adsiste-

81 1237 189 1279 bant
220 1236 320 1277 hinc
352 1236 448 1277 inde
479 1236 658 1288 notarii,
697 1235 797 1289 quid
834 1235 1077 1289 quaesitum
1110 1237 1239 1288 esset,
1279 1234 1433 1289 quidue

82 1310 348 1350 responsum,
380 1296 539 1337 cursim
571 1294 624 1336 ad
645 1292 873 1335 Caesarem
903 1294 1181 1348 perferentes,
1213 1293 1332 1334 cuius
1357 1293 1433 1334 im-

81 1355 201 1409 perio
233 1354 357 1408 truci,
389 1354 578 1395 stimulis
611 1353 786 1406 reginae
819 1353 1053 1394 exertantis
1087 1366 1235 1393 aurem
1255 1352 1432 1393 subinde

81 1429 158 1468 per
189 1413 401 1466 aulaeum,
431 1427 509 1454 nec
542 1412 703 1453 diluere
736 1411 905 1453 obiecta
936 1411 1135 1466 permissi
1167 1425 1245 1452 nec
1271 1410 1434 1452 defensi

82 1472 246 1527 periere
279 1472 516 1526 conplures.
560 1472 598 1512 4.
630 1470 760 1526 primi
792 1470 927 1524 igitur
961 1470 1151 1512 omnium
1186 1471 1433 1511 statuuntur

82 1531 306 1586 Epigonus
346 1533 388 1572 et
424 1530 637 1571 Eusebius
677 1529 730 1570 ob
769 1530 993 1571 nominum
1031 1528 1324 1584 gentilitatem
1363 1543 1434 1582 op-

82 1590 233 1644 pressi.
293 1589 584 1644 praediximus
617 1588 731 1630 enim
762 1587 977 1630 Montium
1016 1589 1094 1629 sub
1133 1587 1228 1642 ipso
1260 1587 1434 1628 uiuendi

83 1648 268 1690 termino
307 1648 375 1689 his
407 1648 630 1689 uocabulis
670 1647 911 1701 appellatos
943 1647 1207 1689 fabricarum
1231 1646 1434 1700 culpasse

83 1708 280 1749 tribunos
323 1709 373 1748 ut
416 1706 677 1748 adminicula
720 1706 890 1748 futurae
934 1706 1153 1748 molitioni
1201 1705 1434 1759 pollicitos.

85 1767 123 1808 5.
144 1769 187 1808 et
204 1766 431 1821 Epigonus
453 1766 624 1820 quidem
644 1766 805 1807 amictu
823 1767 948 1806 tenus
968 1763 1266 1819 philosophus,
1297 1766 1346 1805 ut
1365 1778 1435 1817 ap-

83 1825 242 1880 paruit,
271 1839 397 1879 prece
429 1824 591 1867 frustra
624 1827 850 1878 temptata,
883 1824 1061 1866 sulcatis
1094 1823 1303 1865 lateribus
1327 1836 1436 1863 mor-

31 1896 66 1922 30
84 1883 227 1938 tisque
271 1882 389 1926 met'u
440 1883 612 1925 admoto
663 1883 780 1937 turpi
831 1883 1097 1925 confessione
1148 1881 1436 1935 cogitatorum

86 1943 267 1997 socium,
311 1957 419 1997 quae
464 1942 585 1984 nulla
631 1946 771 1996 erant,
815 1942 948 1983 fuisse
991 1941 1182 1982 firmauit
1221 1954 1317 1982 cum
1359 1953 1436 1981 nec

175 2102 193 2132 1
212 2097 290 2133 litis
308 2098 468 2133 exitialis
494 2098 700 2132 certamina
723 2098 854 2142 scripsi
876 2098 976 2133 Lex.
1001 2098 1144 2148 semina
1163 2097 1197 2131 G
1219 2096 1306 2131 lites
1324 2096 1438 2131 exitia

83 2143 161 2178 lese
187 2142 285 2184 (lexe
309 2144 360 2183 P)
394 2143 477 2188 [lac.
502 2145 524 2178 3
548 2143 635 2187 hta]
664 2143 767 2177 mina
795 2142 863 2178 VP
954 2147 974 2178 9
998 2142 1220 2177 nouissimus
1243 2141 1438 2176 Hermann

86 2191 129 2222 15
162 2187 380 2222 dissimilem
415 2187 521 2223 VGP
551 2187 711 2222 similem
743 2188 808 2222 rba
900 2191 940 2222 21
973 2188 1192 2222 trucestima
1224 2186 1293 2221 VP
1323 2186 1437 2220 trucis

85 2233 167 2267 tum
191 2244 214 2267 a
240 2232 273 2267 G
343 2233 547 2267 exer-tantis
571 2243 699 2267 aurem
728 2232 762 2266 G
787 2233 1000 2267 excitantes
1026 2242 1116 2266 aura
1144 2231 1213 2266 VP
1285 2235 1328 2265 24
1352 2230 1407 2275 Ep
1410 2230 1437 2264 i-

113 2288 206 2312 onus
225 2277 295 2311 GA
320 2277 373 2312 eri
403 2288 494 2312 onus
516 2277 551 2312 V
572 2277 744 2322 origenes
759 2278 817 2312 Pb
864 2278 933 2312 *26
958 2278 1141 2322 culpasset
1163 2275 1232 2311 VP
1279 2278 1345 2310 *27
1371 2274 1438 2308 mi-

113 2322 230 2402 tiomV
227 2322 286 2402 113¹
313 2333 373 2357 me
394 2322 500 2357 tioni
529 2322 620 2357 V²P
644 2322 778 2357 ultioni
804 2322 838 2357 G·
931 2326 974 2357 28
998 2322 1189 2367 Epigonus
1215 2322 1281 2366 bya
1312 2321 1438 2365 epigo-

84 2378 168 2401 mus
