1614 2549
377 62 718 99 CONSTANTws
742 63 804 98 ET
829 50 1058 100 IVLIANVS
1083 68 1148 100 357
1379 66 1435 108 95

85 160 217 202 mium
247 158 367 200 uenit
399 158 707 199 comitantibus
740 158 867 199 sociis
906 158 1162 213 libratisque
1195 157 1267 199 diu
1305 174 1434 213 super

83 233 186 273 pace
218 217 422 270 consiliis,
454 231 583 270 quam
614 216 784 257 fundari
822 231 947 270 posse
987 231 1081 258 cum
1112 217 1257 258 Persis
1289 217 1434 259 Muso-

83 278 235 319 nianus
258 275 499 328 rettulerat,
530 275 575 316 in
608 275 819 316 orientem
852 290 947 316 cum
979 276 1219 330 magisterii
1250 276 1433 318 remitti-

83 339 153 378 tur
182 337 418 388 potestat03
450 334 666 388 prouectis
687 348 708 374 e
730 334 946 375 consortio
979 337 1127 375 nostro
1149 335 1201 376 ad
1221 335 1431 389 regendos

49 410 65 436 5
84 393 245 435 milites
275 396 380 434 natu
412 393 660 446 maioribus,
698 392 992 433 adulescentes
1026 407 1122 433 eum
1161 394 1281 447 sequi
1317 394 1432 435 iube-

83 467 195 506 mur,
227 451 426 506 quicquid
457 466 533 504 pro
566 465 610 491 re
642 451 815 504 publica
846 451 1114 492 mandauerit
1145 452 1379 505 impleturi,

203 508 277 551 ll.
297 512 331 551 1.
352 510 412 551 At
430 508 589 551 Caesar
611 512 760 550 exacta
780 509 892 563 apud
914 508 1104 550 Senonas
1125 510 1265 551 hieme
1286 512 1433 553 turbu-

82 569 212 623 lenta,
221 568 420 623 Augusto
429 568 577 609 nouies
593 582 720 622 seque
736 568 893 609 iterum
909 568 1154 609 consulibus
1164 568 1430 611 Germanicis

80 628 265 682 undique
310 627 752 668 circumfrementibus
797 627 944 679 minis,
983 627 1177 667 secundis
1216 629 1431 669 ominibus

28 705 62 730 10
81 690 221 728 motus
242 686 400 727 Remos
420 686 669 739 properauit
690 686 872 726 alacrior
892 686 1115 740 magisque
1143 686 1293 740 laetus,
1320 688 1432 741 quod

81 745 314 786 exercitum
346 745 526 798 regebat
559 743 741 785 Seuerus
778 759 857 785 nec
889 744 1049 785 discors
1087 759 1163 785 nec
1206 745 1432 799 adrogans,

81 804 153 845 sed
184 804 315 858 longa
346 804 529 844 militiae
560 803 812 857 frugalitate
846 805 1073 856 conpertus
1107 807 1150 844 et
1187 818 1283 844 eum
1314 807 1434 845 recta

79 865 356 916 praeeuntem
401 864 620 903 secuturus
661 865 710 903 ut
748 862 967 903 ductorem
1011 863 1250 916 morigerus
1295 863 1433 903 miles.

80 922 118 962 2.
144 924 268 975 parte
290 921 375 962 alia
394 921 601 962 Barbatio
633 923 733 974 post
754 919 920 961 Siluani
952 920 1174 961 interitum
1205 925 1430 974 promotus

29 999 62 1024 15
81 979 133 1021 ad
164 980 358 1034 peditum
389 979 687 1034 magisterium
720 993 770 1020 ex
796 979 926 1020 ltalia
958 980 1076 1020 iussu
1107 979 1313 1033 principis
1335 994 1430 1021 cum

79 1037 200 1079 XXV
220 1039 395 1079 milibus
429 1041 691 1079 armatorum
711 1037 928 1079 Rauracos
960 1039 1092 1079 uenit.
1124 1039 1163 1079 3.
1190 1039 1431 1092 cogitatum

80 1100 146 1138 est
167 1097 280 1138 enim
301 1097 571 1151 solliciteque
603 1100 933 1150 praestructum,
964 1100 1011 1137 ut
1044 1097 1282 1138 saeuientes
1314 1097 1432 1138 ultra

81 1156 255 1197 solitum
287 1156 520 1197 Alamanni
552 1159 845 1209 uagantesque
877 1155 1013 1196 fusius
1049 1156 1326 1197 multitudine
1360 1169 1430 1210 ge-

80 1215 244 1255 minata
281 1217 527 1256 nostrorum
570 1214 746 1267 forcipis
792 1214 931 1267 specie
976 1214 1084 1254 trusi
1122 1215 1167 1255 in
1207 1215 1430 1268 angustias

27 1292 61 1318 20
82 1274 368 1314 caederentur.
401 1274 440 1313 4.
467 1273 565 1314 dum
586 1273 691 1313 haec
711 1276 858 1313 tamen
889 1273 970 1313 rite
1004 1273 1214 1326 disposita
1247 1274 1431 1314 celeran-

0 1350 1 1378 ι
79 1335 161 1385 tur,
192 1332 316 1374 Laeti
348 1332 522 1372 barbari
555 1332 607 1372 ad
639 1332 899 1384 tempestiua
938 1331 1055 1372 furta
1086 1331 1285 1373 sollertes
1318 1332 1431 1373 inter

78 1391 300 1444 utriusque
334 1391 544 1431 exercitus
578 1393 719 1431 castra
739 1390 904 1430 occulte
937 1391 1201 1444 transgressi
1232 1391 1429 1432 inuasere

79 1449 335 1503 Lugdunum
365 1450 595 1501 incautam,
625 1463 802 1506 eamque
834 1449 1085 1502 populatam
1106 1449 1150 1490 ui
1180 1450 1313 1490 subita
1335 1464 1430 1490 con-

80 1511 353 1562 cremassent,
372 1508 418 1549 ni
439 1508 595 1548 clausis
616 1507 805 1548 aditibus
826 1508 1064 1561 repercussi
1086 1508 1287 1562 quicquid
1310 1510 1432 1550 extra

27 1580 59 1605 25
79 1567 282 1620 oppidum
301 1566 444 1620 potuit
464 1567 649 1607 inueniri
668 1569 927 1607 uastassent.
953 1566 991 1607 ἵ).
1013 1581 1095 1620 qua
1116 1567 1234 1607 clade
1256 1567 1431 1621 cognita

79 1625 186 1679 agili
226 1625 367 1667 studio
401 1624 559 1667 Caesar
596 1625 739 1666 missis
780 1625 923 1666 cuneis
961 1625 1100 1666 tribus
1140 1626 1331 1679 equitum
1365 1640 1431 1666 ex-

78 1684 318 1737 peditorum
340 1687 382 1725 et
412 1684 591 1725 fortium
611 1684 695 1725 tria
716 1684 965 1725 obseruauit
995 1684 1153 1725 itinera
1185 1684 1322 1725 sciens
1354 1699 1431 1738 per

79 1757 129 1783 ea
173 1746 398 1797 erupturos
442 1743 590 1796 procul
636 1743 765 1783 dubio
811 1745 1098 1796 grassatores:
1136 1757 1214 1784 nec
1252 1747 1429 1784 conatus

78 1801 233 1842 inritus
254 1802 348 1843 fuit.
382 1802 420 1843 6.
448 1802 612 1843 cunctis
634 1802 747 1842 enim
778 1802 851 1855 qui
882 1816 958 1855 per
979 1816 1051 1842 eos
1072 1802 1269 1843 tramites
1291 1802 1430 1843 exiere

6 1873 59 1907 {30
79 1861 288 1901 truncatis
321 1863 575 1914 receptaque
607 1861 766 1914 praeda
799 1860 913 1901 omni
952 1860 1133 1913 intacta,
1171 1860 1217 1901 hi
1257 1861 1337 1901 soli
1369 1860 1430 1901 in-

77 1919 196 1959 noxii
224 1919 413 1960 absoluti
447 1922 557 1972 sunt,
591 1919 663 1975 qui
693 1934 769 1973 per
801 1919 965 1960 uallum
985 1919 1261 1959 Barbationis
1294 1922 1430 1960 trans-

78 1978 164 2018 iere
198 1978 350 2032 securi,
383 1978 477 2019 ideo
510 1978 600 2019 labi
632 1978 849 2031 permissi,
882 1977 994 2031 quod
1024 1977 1323 2019 Bainobaudes
1356 1977 1430 2018 tri-

169 2126 183 2154 1
213 2121 320 2155 sociis
347 2121 412 2167 bya
438 2121 524 2156 solis
552 2121 620 2155 VP
668 2124 686 2155 7
710 2121 931 2155 turbulenta
956 2141 995 2146 —
1021 2124 1041 2154 8
1066 2120 1279 2155 consulibus
1303 2129 1370 2155 om.
1387 2121 1430 2165 {19

79 2165 230 2200 consule
260 2166 364 2200 VAP
412 2165 667 2208 ”fibminibus
695 2165 764 2200 GA
789 2165 962 2200 omnibus
992 2165 1080 2200 VPb
1158 2170 1198 2200 13
1223 2165 1431 2210 morigerus

77 2210 261 2245 Petamus
283 2211 509 2256 morigerum
536 2211 638 2254 Pbya
664 2211 894 2255 murigerum
924 2210 959 2244 V
1040 2214 1080 2244 21
1107 2210 1207 2244 furta
1233 2210 1303 2244 GA
1326 2211 1428 2244 furto

82 2254 171 2289 VPb
228 2259 270 2290 23
296 2256 334 2289 ui
358 2256 482 2289 subita
498 2255 714 2290 Hero-marm
737 2256 819 2289 uisu
846 2256 926 2300 [lac.
947 2259 987 2290 10
1005 2255 1089 2298 zita]
1109 2256 1431 2289 aconcremassent

83 2299 151 2333 VP
197 2303 240 2334 28
264 2310 333 2334 nec
359 2301 512 2334 conatus
541 2300 711 2335 Valesius
734 2311 827 2336 neco
854 2300 934 2344 [lac.
959 2305 979 2335 6
1005 2300 1091 2344 litt]
1118 2299 1237 2334 inanti
1259 2299 1328 2334 VP
1352 2299 1428 2333 Nec

79 2346 234 2379 conatus
259 2344 460 2379 destinanti
484 2346 519 2379 A
544 2355 612 2379 nec
637 2345 737 2389 quod
763 2344 1018 2379 destinauerat
1042 2346 1086 2389 by
