1614 2549
677 112 910 148 IVLIANVS
937 117 1002 149 363
1431 117 1514 158 313

170 209 400 260 extentum,
413 206 531 248 cuius
547 220 596 247 ex
611 206 828 248 uohunine
843 207 983 261 tereti,
996 208 1105 262 quod
1121 208 1166 249 in
1180 208 1320 250 medio
1335 224 1433 263 pars
1447 225 1520 264 po-

168 265 246 306 lita
268 265 483 319 conponit,
505 265 736 319 quadratus
758 266 916 307 eminet
936 266 1060 307 stilus
1079 268 1304 321 extentius,
1322 271 1440 310 recto
1455 284 1520 310 ca-

166 323 279 364 nalis
295 324 469 378 angusti
482 326 628 364 meatu
642 327 829 377 cauatus,
847 327 890 365 et
902 324 983 366 hac
1003 326 1235 379 multiplici
1250 325 1408 368 chorda
1426 342 1519 369 ner-

166 396 318 423 uorum
338 381 555 423 tortilium
576 382 806 436 inligatus:
839 383 962 437 eique
990 383 1187 425 cochleae
1215 385 1321 426 duae
1347 385 1519 439 ligneae

131 454 147 479 5
168 441 484 495 coniunguntur
522 441 756 494 aptissime,
796 456 976 496 quarum
1013 457 1146 496 prope
1178 457 1308 484 unam
1346 444 1521 486 adsistit

167 499 324 540 artifex
357 499 704 553 contemplabilis
726 502 768 540 et
800 500 1020 541 subtiliter
1047 501 1225 554 adponit
1256 502 1301 543 in
1331 503 1517 545 temonis

166 559 388 599 cauamine
428 558 635 612 sagittam
673 558 864 612 ligneam
902 559 1066 612 spiculo
1106 560 1268 601 maiore
1308 561 1518 615 congluti-

164 619 324 670 natam,
355 615 520 670 hocque
552 616 667 658 facto
700 616 801 658 hinc
833 617 930 658 inde
962 617 1098 658 ualidi
1135 619 1309 659 iuuenes
1341 623 1518 661 uersant

165 675 341 729 agiliter
384 675 618 716 rotabilem
658 675 825 716 flexum.
888 676 927 716 3.
966 690 1061 717 cum
1101 677 1154 717 ad
1198 679 1518 720 extremitatem

112 747 145 772 10
164 747 395 775 neruorum
439 747 618 774 acumen
661 735 826 775 uenerit
871 749 1096 788 summum,
1139 736 1304 789 percita
1347 737 1516 778 interno

163 793 291 846 pulsu
325 808 349 833 a
379 792 558 833 ballista
593 807 641 833 ex
675 793 809 833 oculis
844 793 1000 846 auolat,
1039 794 1254 835 interdum
1285 795 1420 836 nimio
1453 811 1517 837 ar-

163 851 265 892 dore
288 851 542 903 scintillans,
575 855 617 891 et
650 852 794 892 euenit
825 852 1007 905 saepius,
1038 855 1086 892 ut
1119 856 1352 907 antequam
1381 854 1517 895 telum

165 913 375 962 cernatur,
408 909 531 950 dolor
562 909 692 950 letale
725 910 880 950 uulnus
914 913 1132 964 agnoscat.

280 969 320 1008 4.
354 967 601 1021 Scorpionis
642 970 797 1021 autem,
843 982 968 1022 quem
1007 969 1230 1023 appellant
1260 984 1373 1011 nunc
1406 970 1516 1012 Ona-

109 1039 142 1064 15
163 1039 301 1080 grum,
333 1026 460 1067 huius
493 1026 609 1067 modi
640 1026 781 1067 forma
802 1029 879 1067 est.
942 1027 1144 1068 dolantur
1171 1043 1270 1069 axes
1292 1029 1374 1070 duo
1397 1044 1516 1083 quer-

159 1086 231 1126 nei
263 1085 333 1126 uel
366 1085 492 1138 ilicei,
525 1087 838 1138 curuanturque
870 1086 1162 1139 mediocriter,
1194 1089 1242 1127 ut
1271 1088 1515 1141 prominere

160 1144 389 1185 uideantur
420 1144 466 1184 in
497 1143 665 1197 gibbas,
697 1143 827 1197 hique
860 1144 905 1184 in
937 1144 1110 1185 modum
1143 1146 1401 1187 serratoriae
1427 1162 1514 1189 ma-

160 1202 311 1243 chinae
344 1204 623 1243 conectuntur
657 1216 707 1242 ex
739 1205 920 1256 utroque
953 1203 1088 1244 latere
1119 1204 1338 1257 patentius
1375 1206 1515 1259 perfo-

159 1261 257 1314 rati,
290 1275 395 1315 quos
428 1260 541 1301 inter
560 1275 637 1314 per
658 1274 863 1301 cauernas
884 1261 1006 1302 funes
1034 1263 1309 1316 conligantur
1333 1264 1514 1317 robusti,

106 1332 140 1357 20
160 1333 408 1373 conpagem,
440 1333 493 1360 ne
526 1318 723 1372 dissiliat,
756 1319 1036 1360 continentes.
1099 1321 1137 1362 5.
1159 1321 1212 1361 ab
1244 1321 1326 1362 hac
1357 1322 1513 1364 medie-

158 1381 247 1418 tate
285 1378 466 1419 restium
505 1377 675 1431 ligneus
715 1378 840 1418 stilus
881 1392 1112 1433 exsurgens
1146 1379 1346 1433 obliquus
1388 1384 1431 1422 et
1467 1382 1514 1423 in

157 1437 332 1477 modum
363 1436 521 1490 iugalis
554 1436 740 1476 temonis
774 1439 939 1477 erectus
978 1438 1041 1478 ita
1071 1452 1303 1479 neruorum
1340 1439 1511 1481 nodulis

157 1495 402 1549 inplicatur,
435 1498 482 1535 ut
514 1495 645 1535 altius
678 1495 779 1535 tolli
809 1496 950 1548 possit
972 1499 1014 1536 et
1045 1496 1258 1549 inclinari,
1291 1498 1512 1539 summita-

155 1554 275 1607 tique
320 1554 410 1594 eius
455 1554 553 1594 unci
597 1552 726 1594 ferrei
771 1554 1045 1608 copulantur,
1091 1569 1111 1595 e
1157 1555 1310 1609 quibus
1355 1557 1513 1610 pendet

103 1624 137 1649 25
159 1615 341 1666 stuppea
376 1612 447 1653 uel
484 1611 625 1652 ferrea
662 1612 806 1665 funda,
850 1613 917 1653 cui
960 1613 1079 1667 ligno
1121 1613 1379 1654 fulmentum
1415 1630 1513 1669 pro-

157 1671 365 1711 sternitur
408 1671 579 1723 ingens,
624 1670 812 1711 cilicium
854 1671 992 1724 paleis
1039 1672 1278 1713 confertum
1320 1673 1512 1728 minutis,

155 1729 312 1770 ualidis
344 1728 525 1769 nexibus
558 1729 791 1783 inligatum
824 1732 867 1770 et
898 1730 1086 1771 locatum
1121 1745 1248 1784 super
1281 1735 1510 1786 congestos

157 1788 340 1842 cespites
374 1787 443 1828 uel
477 1787 693 1828 latericios
728 1800 921 1841 aggeres.
969 1803 1072 1830 nam
1092 1804 1212 1830 muro
1235 1804 1363 1830 saxeo
1383 1789 1509 1832 huius

156 1846 272 1887 modi
292 1846 427 1887 moles
460 1846 650 1899 inposita
671 1846 871 1886 disiectat
892 1847 1097 1901 quidquid
1128 1848 1342 1888 inuenerit
1362 1849 1511 1890 subter

100 1917 134 1942 30
156 1906 433 1946 concussione
466 1904 672 1958 uiolenta,
714 1918 799 1945 non
829 1905 1030 1958 pondere.
1092 1906 1129 1947 6.
1163 1920 1257 1946 cum
1289 1906 1425 1960 igitur
1457 1908 1510 1949 ad

154 1963 518 2004 concertationem
557 1965 732 2003 uentum
769 1963 918 2017 fuerit,
956 1964 1098 2017 lapide
1130 1964 1314 2005 rotundo
1352 1965 1508 2007 fundae

152 2022 355 2076 inposito,
388 2022 586 2075 quaterni
616 2021 871 2062 altrinsecus
904 2023 1077 2063 iuuenes
1099 2023 1320 2077 repagula,
1353 2024 1507 2078 quibus

152 2080 419 2134 incorporati
458 2083 558 2120 sunt
602 2080 738 2133 funeS,
784 2080 1059 2134 explicantes,
1103 2084 1318 2122 retrorsus
1357 2082 1508 2124 stilum

242 2251 286 2285 *1
314 2261 372 2285 ars
402 2250 541 2296 Vqua
587 2256 608 2285 4
632 2251 819 2297 illigatum
845 2253 992 2297 Ko'cth
1015 2258 1051 2294 ᾧ
1072 2253 1221 2288 Ετῖὃΐοτιτ
1248 2254 1330 2296 (Gr.
1356 2255 1506 2300 Krieqs-

150 2295 401 2338 schriftstellevr
424 2296 452 2329 Ι
468 2307 508 2340 p.
525 2298 610 2340 406)
673 2299 721 2331 *7
746 2297 910 2342 ligneam
931 2298 1001 2332 ΘΑ
1024 2298 1163 2332 lineam
1185 2299 1274 2333 VPb
1337 2304 1378 2334 16
1403 2299 1504 2334 ilicei

151 2341 217 2385 δρα
239 2340 350 2374 licaei
380 2339 448 2374 VP
541 2345 583 2375 20
608 2340 768 2376 dissiliat
794 2343 827 2376 G
852 2342 1037 2377 dissiliant
1065 2343 1179 2377 VPba
1272 2347 1315 2377 24
1339 2344 1507 2388 pendent

151 2386 331 2429 struppea
359 2384 393 2418 V
483 2389 525 2420 29
551 2385 678 2420 subter
704 2386 737 2421 G
762 2398 873 2431 super
902 2387 1015 2423 VPba
