1614 2549
629 73 861 108 IVLIANVS
884 77 950 109 363
1377 73 1460 115 321

113 171 304 212 omnium
335 170 378 210 id
409 168 578 210 numeri
599 167 814 209 Gallicani
845 166 1022 208 fremitu
1054 165 1233 207 laetiore
1254 168 1465 207 monstra-

112 230 231 282 bant,
262 242 474 269 memores
508 227 768 282 aliquotiens
796 240 844 267 eo
866 225 1070 266 ductante
1102 239 1262 279 perque
1294 224 1463 266 ordines

112 287 376 329 discurrente
409 286 608 327 cadentes
641 285 800 326 uidisse
833 287 982 338 gentes
1016 284 1196 338 aliquas,
1228 283 1336 324 alias
1369 297 1464 337 sup-

111 346 336 400 plicantes.

77 419 94 445 5
233 404 276 445 6.
314 405 349 444 1.
381 403 467 444 Res
502 403 648 457 adegit
679 402 761 443 huc
787 402 1001 456 prolapsa,
1033 404 1080 442 ut
1119 401 1164 441 in
1195 415 1369 442 excessu
1401 414 1464 441 ce-

113 463 194 504 leri
226 463 358 504 situm
390 464 632 503 monstrare
665 460 867 513 Persidis,
899 459 1235 513 descriptoribus
1268 459 1464 513 gentium

112 522 277 563 curiose
299 521 527 575 digestum,
553 534 571 561 e
593 520 745 574 quibus
768 532 894 573 aegre
920 533 1021 559 uera
1040 518 1184 558 dixere
1204 517 1464 572 paucissimi.

112 580 225 634 quod
258 582 401 621 autem
435 579 515 620 erit
547 578 676 632 paulo
709 578 918 632 prolixior
949 579 1108 628 textus,
1148 577 1201 617 ad
1239 575 1464 617 scientiam

111 638 308 693 proficiet
327 638 514 692 plenam.
564 637 756 691 quisquis
779 637 893 677 enim
913 635 1101 677 adfectat
1120 635 1300 676 nimiam
1326 635 1464 675 breui-

60 713 93 738 ιο
112 700 249 739 tatem
280 696 356 738 ubi
386 698 617 737 narrantur
642 695 882 749 incognita:
913 710 998 736 non
1020 693 1121 748 quid
1153 693 1364 748 signatius
1398 707 1465 733 ex-

112 755 257 810 plicet,
290 755 364 796 sed
397 755 497 809 quid
528 754 682 795 debeat
713 753 950 808 praeteriri,
983 755 1209 794 scrutatur.

232 815 271 855 2.
302 813 397 855 Hoc
428 827 609 867 regnum
642 812 855 867 quondam
888 812 1089 866 exiguum
1121 810 1353 864 multisque
1394 824 1464 850 an-

112 875 184 914 tea
214 872 458 914 nominibus
493 872 758 926 appellatum
790 871 843 912 ob
878 885 1025 912 causas
1047 884 1152 923 quas
1174 883 1300 922 saepe
1332 871 1465 909 rettu-

114 932 262 985 limus,
305 946 400 972 cum
439 931 550 984 apud
586 930 812 984 Babylona
848 929 1055 983 Magnum
1092 927 1184 969 fata
1219 927 1464 981 rapuissent

61 1006 94 1032 15
114 990 425 1042 Alexandrum,
470 990 515 1030 in
552 988 810 1030 uocabulum
849 987 1003 1029 Parthi
1042 986 1251 1028 concessit
1288 985 1463 1026 Arsacis

114 1049 294 1090 obscure
326 1048 476 1102 geniti,
507 1047 725 1088 latronum
757 1047 869 1087 inter
889 1045 1202 1087 adulescentiae
1222 1044 1466 1085 rudimenta

114 1108 316 1161 ductoris,
348 1121 497 1148 uerum
528 1106 737 1160 paulatim
775 1106 820 1146 in
851 1105 1003 1146 melius
1036 1106 1201 1145 mutato
1240 1103 1464 1157 proposito

116 1166 331 1207 clarorum
369 1168 573 1207 contextu
610 1164 821 1205 factorum
862 1163 975 1205 aucti
1015 1162 1252 1204 sublimius.
1315 1161 1353 1202 3.
1393 1161 1466 1215 qui

114 1227 214 1279 post
251 1225 388 1266 multa
426 1224 615 1278 gloriose
655 1226 697 1264 et
734 1223 907 1263 fortiter
945 1224 1068 1276 gesta
1106 1222 1307 1275 superato
1339 1219 1465 1260 Nica·

61 1301 94 1326 20
117 1286 212 1325 tore
246 1282 424 1325 Seleuco
458 1282 646 1323 eiusdem
678 1281 914 1322 Alexandri
947 1293 1202 1333 successore,
1235 1279 1302 1320 cui
1331 1278 1466 1319 uicto-

115 1342 279 1383 riarum
318 1342 527 1383 crebritas
566 1340 648 1382 hoc
687 1340 900 1381 indiderat
933 1340 1276 1393 cognomentum,
1307 1336 1466 1390 praesi-

114 1401 281 1457 diisque
301 1400 583 1441 Macedonum
615 1399 750 1452 pulsis
784 1399 875 1452 ipse
899 1397 1174 1452 tranquillius
1196 1409 1328 1450 agens
1361 1399 1466 1436 tem-

112 1462 289 1513 perator
322 1458 613 1500 obedientium
645 1458 728 1498 fuit
760 1460 803 1498 et
836 1457 998 1498 arbiter
1030 1456 1151 1497 lenis.
1212 1456 1251 1496 4.
1284 1454 1466 1507 denique

112 1520 213 1572 post
257 1517 442 1558 finitima
482 1519 633 1557 cuncta
670 1516 713 1557 ui
751 1516 820 1556 uel
860 1515 1091 1569 aequitatis
1125 1512 1465 1555 consideratione

58 1593 93 1619 25
113 1576 184 1618 uel
216 1578 334 1617 metu
367 1575 559 1628 subacta,
592 1574 818 1616 ciuitatum
838 1576 880 1615 et
913 1577 1152 1615 castrorum
1172 1571 1467 1613 castellorum-

114 1649 194 1690 que
227 1634 504 1675 munimentis
538 1634 712 1687 oppleta
738 1633 925 1686 Perside,
958 1631 1286 1685 adsuefactaque
1318 1629 1467 1671 timori

113 1708 206 1735 esse
240 1693 397 1735 accolis
432 1692 645 1747 omnibus,
678 1706 785 1746 quos
818 1694 944 1733 antea
975 1690 1249 1743 formidabat,
1280 1688 1462 1730 medium

112 1753 204 1806 ipse
238 1765 369 1806 agens
391 1765 561 1792 cursum
594 1750 749 1791 aetatis
782 1750 953 1804 placida
972 1752 1110 1790 morte
1132 1748 1326 1789 decessit.
1383 1761 1469 1788 cer-

112 1811 325 1865 tatimque
358 1812 620 1851 summatum
654 1811 696 1850 et
729 1809 849 1862 uulgi
884 1808 1109 1849 sententiis
1131 1805 1468 1856 concinentibus,

59 1886 94 1912 30
115 1869 256 1922 astris,
289 1871 338 1911 ut
369 1869 452 1922 ipsi
485 1867 745 1919 existimant,
778 1867 887 1909 ritus
922 1866 987 1907 sui
1020 1865 1338 1914 consecratione
1376 1878 1467 1917 per-

113 1928 274 1969 mixtus
321 1930 386 1968 est
431 1927 622 1968 omnium
666 1926 841 1980 primus.
903 1924 941 1966 5.
973 1924 1082 1966 unde
1122 1923 1174 1965 ad
1212 1924 1255 1964 id
1297 1926 1466 1976 tempus

112 1999 237 2041 reges
272 1986 461 2027 eiusdem
496 1985 638 2039 gentis
678 1983 938 2038 praetumidi
971 1983 1179 2037 appellari
1219 1996 1262 2022 se
1299 1981 1467 2035 patiun-

112 2047 184 2086 tur
206 2043 319 2086 Solis
347 2044 503 2085 fratres
526 2047 567 2084 et
587 2043 745 2096 Lunae,
776 2045 908 2096 utque
941 2040 1273 2095 imperatoribus
1304 2040 1466 2081 nostris

113 2103 313 2157 Augusta
345 2102 608 2156 nuncupatio
643 2101 841 2142 amabilis
863 2103 929 2142 est
949 2104 991 2141 et
1012 2102 1172 2154 optata,
1204 2100 1266 2140 ita
1292 2098 1466 2152 regibus

165 2245 171 2258 .,
202 2222 223 2252 5
246 2218 319 2252 huc
347 2218 380 2252 G
427 2218 472 2251 ut
503 2216 617 2251 VPba
688 2221 706 2250 7
733 2215 887 2260 digestis
916 2215 983 2250 VP
1031 2226 1050 2249 e
1076 2215 1162 2249 add.
1190 2214 1260 2249 GA
1284 2223 1351 2247 om.
1380 2211 1469 2246 VPb

114 2266 156 2297 10
181 2262 345 2307 explicet
373 2272 440 2296 om.
478 2262 518 2296 rb
611 2262 678 2295 *11
706 2260 771 2295 sed
804 2260 837 2294 G
869 2261 907 2294 et
936 2259 1049 2295 VPba
1143 2264 1182 2293 15
1214 2258 1373 2292 arsachis
1402 2256 1469 2291 VP

113 2311 156 2341 19
180 2307 347 2342 nicatore
378 2306 463 2341 V¹G
490 2306 666 2340 nicanore
698 2305 828 2340 V²Pba
922 2309 964 2339 27
990 2305 1068 2349 ipse
1094 2304 1259 2338 medium
1291 2306 1469 2345 transpos.

113 2351 182 2396 bya
274 2355 317 2386 32
341 2352 441 2396 regis
466 2351 513 2384 ad
543 2350 577 2384 V

192 2415 370 2441 Annus-vs
390 2415 632 2441 MAncssnnmvs.
1210 2409 1251 2439 ‘21
