1614 2549
384 82 724 118 CONSTANTIVS
748 83 810 118 ΕΤ
835 83 1065 119 IVLIANVS
1090 87 1156 120 360
1370 84 1441 127 19'·

97 178 292 232 gentium
323 177 510 219 ferarum
543 191 743 218 excursus
781 179 909 232 rupta
947 178 1088 231 quiete
1122 177 1318 220 condicta
1355 178 1450 220 loca

96 237 309 278 limitibus
328 236 471 277 uicina
490 238 712 277 uastarent
739 238 782 277 et
813 236 1043 290 inplicaret
1074 236 1258 278 formido
1278 237 1451 291 prouin-

97 296 184 337 cias
228 295 561 349 praeteritarum
605 294 789 336 cladium
831 295 1028 349 congerie
1067 294 1216 349 fessas,
1259 295 1448 337 hiemem

97 367 228 408 agens
267 354 379 407 apud
417 353 608 394 Parisios
651 352 808 394 Caesar
846 354 1161 408 distractusque
1206 355 1250 395 in
1292 354 1452 396 sollici-

0 430 1 465 1
62 426 78 452 5
98 412 267 454 tudines
289 412 442 466 uarias,
474 412 705 454 uerebatur
737 412 798 453 ire
831 412 1022 453 subsidio
1056 413 1372 467 transmarinis,
1403 415 1452 454 ut

98 471 344 513 rettulimus
379 474 477 512 ante
509 471 662 512 fecisse
695 469 990 524 Constantem,
1021 485 1073 511 ne
1093 474 1261 512 rectore
1293 486 1450 513 uacuas

98 530 360 584 relinqueret
392 529 557 571 Gallias
578 528 835 570 Alamannis
869 529 922 570 ad
954 529 1179 570 saeuitiam
1201 530 1333 571 etiam
1358 533 1452 572 tum

100 589 288 630 incitatis
328 592 370 629 et
407 588 535 629 bella.
597 588 636 628 2.
675 588 736 628 ire
775 588 910 642 igitur
950 588 1001 629 ad
1033 587 1140 629 haec
1181 584 1348 630 ratione
1382 589 1451 630 uel

100 648 144 688 αἱ
181 647 460 701 conponenda
490 646 745 700 Lupicinum
783 647 947 700 placuit
986 661 1035 689 ea
1072 649 1327 701 tempestate
1368 662 1454 688 ma-

47 720 79 744 10
100 706 284 760 gistrum
326 720 542 747 armorum
586 705 842 747 bellicosum
892 719 993 746 sane
1036 708 1080 747 et
1120 706 1350 748 castrensis
1391 706 1454 749 rei

101 765 301 819 peritum,
333 765 407 806 sed
434 764 664 818 supercilia
697 765 936 818 erigentem
967 767 1015 806 ut
1035 779 1194 807 cornua
1226 767 1268 805 et
1288 765 1338 806 de
1370 767 1454 805 tra-

102 823 212 877 gico,
247 824 359 877 quod
392 824 523 876 aiunt,
557 823 766 864 cothurno
800 825 1073 877 strepentem,
1116 838 1242 877 super
1273 837 1355 877 quo
1383 823 1454 865 diu

2 915 4 939 k
102 882 416 936 ambigebatur,
450 897 601 923 auarus
624 884 736 922 esset
766 882 910 936 pot-ius
945 897 1000 923 an
1020 882 1214 923 crudelis.
1277 883 1315 923 3.
1335 884 1452 923 moto

1 964 4 1001 ὲ
101 941 236 995 igitur
268 941 444 982 uelitari
477 940 650 993 auxilio,
682 940 856 981 Aerulis
891 941 1057 982 scilicet
1094 942 1137 981 et
1168 940 1347 982 Batauis
1379 955 1453 982 nu-

0 1006 5 1047 1
48 1013 81 1038 15
100 999 313 1054 merisque
346 999 660 1040 Moesiacorum
692 999 870 1053 duobus,
903 999 1049 1040 adulta
1079 999 1220 1040 hieme
1249 999 1333 1040 dux
1353 1001 1454 1041 ante

0 1054 4 1072 ³
100 1058 237 1099 dictus
269 1058 509 1099 Bononiam
548 1057 667 1098 uenit
705 1058 996 1112 quaesitisque
1034 1058 1221 1112 nauigiis
1256 1061 1298 1098 et
1337 1059 1455 1100 omni

100 1117 289 1170 inposito
328 1117 485 1170 milite,
525 1116 753 1158 obseruate
792 1116 897 1157 flatu
924 1117 1108 1158 secundo
1142 1119 1369 1158 uentorum
1402 1117 1455 1158 ad

99 1174 311 1228 Rutupias
345 1176 450 1216 sitas
472 1190 523 1216 ex
551 1175 728 1216 aduerso
756 1175 946 1216 defertur
976 1176 1170 1230 petitque
1192 1175 1456 1217 Lundinium

0 1212 11 1325 p
100 1236 148 1275 ut
187 1234 337 1275 exinde
377 1236 574 1288 suscepto
613 1248 689 1287 pro
723 1234 786 1274 rei
819 1234 1026 1288 qualitate
1060 1234 1241 1276 consilio
1280 1234 1455 1276 festina·

47 1306 81 1332 20
101 1295 168 1334 ret
200 1292 316 1334 ocius
350 1293 402 1334 ad
433 1292 712 1347 procinctum.

222 1350 264 1393 2.
302 1352 337 1392 1.
370 1352 486 1400 Quae
520 1365 615 1392 cum
646 1351 709 1391 ita
741 1353 960 1405 geruntur,
991 1353 1089 1405 post
1115 1351 1298 1392 Amidae
1318 1366 1450 1405 oppu-

102 1410 349 1465 gnationem
382 1410 629 1451 Vrsicinum
662 1410 715 1450 ad
748 1410 1034 1451 conmilitium
1065 1410 1274 1475 principis
1304 1412 1354 1451 ut
1383 1424 1456 1464 pe

34 1505 35 1510 ,
102 1469 238 1510 ditum
276 1469 533 1523 magistrum
569 1483 789 1509 r⁴eue1sum
828 1493 883 1498 —
922 1469 1176 1510 successisse
1209 1469 1323 1509 enim
1357 1483 1453 1510 eum

34 1518 37 1574 ¹1
101 1527 357 1569 Barbationi
376 1528 664 1581 praediximus
679 1552 735 1556 ——
750 1528 1059 1569 obtrectatores
1081 1528 1296 1581 excipiunt
1310 1528 1450 1582 primo

37 1593 83 1644 με.
103 1587 430 1628 disseminantes
464 1585 685 1627 mordaces
720 1601 929 1640 susurros,
962 1586 1060 1627 dein
1090 1586 1317 1640 propalam
1355 1587 1456 1627 ficta

36 1667 38 1696 1
104 1645 284 1686 crimina
321 1646 633 1686 subnectentes.
701 1645 740 1685 2.
773 1645 926 1699 quibus
966 1645 1200 1699 imperator
1239 1645 1455 1699 adsensus,

104 1719 154 1745 ex
187 1704 387 1758 opinione
418 1704 622 1758 pleraque
644 1704 878 1745 aestimans
900 1706 942 1745 et
967 1704 1270 1746 insidiantibus
1291 1706 1456 1758 patens,

103 1763 378 1804 Arbitionem
411 1766 453 1804 et
483 1762 750 1804 Florentium
779 1762 1019 1804 officiorum
1051 1763 1311 1817 magistrum
1332 1777 1456 1817 quae-

104 1822 258 1863 sitores
298 1822 471 1863 dederat
509 1823 787 1875 spectaturos,
827 1836 930 1876 quas
964 1822 1017 1862 ob
1057 1836 1124 1862 res
1158 1821 1361 1875 oppidum
1399 1821 1456 1862 sit

54 1893 88 1918 30
108 1880 307 1922 excisum.
370 1881 408 1922 3.
430 1880 582 1934 quibus
617 1882 785 1933 apertas
819 1880 1147 1934 probabilesque
1168 1880 1455 1921 refutantibus

107 1953 254 1980 causas
299 1939 546 1993 ueritisque,
588 1953 641 1979 ne
682 1938 966 1980 offenderetur
1008 1939 1221 1980 Eusebius
1273 1937 1459 1979 cubiculi

195 2096 238 2129 *1
272 2105 445 2129 excursus
474 2094 642 2128 Valesius
679 2104 834 2127 excursu
866 2093 1003 2138 VPbya
1097 2097 1116 2127 2
1152 2093 1391 2128 uastarentur
1423 2093 1457 2127 G-

106 2144 125 2174 3
151 2139 404 2174 solicitudines
432 2139 502 2173 GA
527 2138 737 2172 solitudinis
766 2138 833 2172 VP
926 2143 944 2173 6
971 2139 1204 2173 constantem
1234 2138 1339 2172 VAP
1364 2137 1456 2172 Con-

105 2184 285 2219 stantium
310 2184 354 2228 by
445 2187 465 2217 8
490 2183 543 2217 ire
574 2183 642 2217 VP
665 2183 815 2217 Mittere
842 2184 910 2227 bya
1002 2183 1089 2218 *uel
1119 2183 1169 2228 ui]
1205 2183 1268 2218 uel
1292 2182 1369 2217 PV
1389 2192 1456 2217 om.

106 2230 174 2274 bya
268 2233 308 2263 12
334 2239 445 2272 super
475 2238 548 2272 quo
578 2228 613 2262 A
645 2238 756 2272 super
786 2228 900 2271 quod
923 2228 1036 2273 VPby
1128 2232 1170 2262 14
1200 2228 1316 2272 igitur
1351 2227 1457 2262 VAP

107 2284 196 2319 ergo
220 2273 264 2318 by
357 2278 398 2307 15
435 2273 580 2306 duobus
621 2272 688 2306 VP
723 2272 893 2316 pluribus
930 2273 997 2316 δρα
1090 2277 1129 2306 21
1163 2273 1346 2318 geruntur
1374 2271 1457 2306 V²P

107 2319 310 2369 genrentur
347 2317 390 2352 V¹
416 2317 637 2367 gererentur
660 2317 849 2362 Kiesslz'ny
941 2321 984 2352 ‘22
1010 2319 1048 2352 et
1078 2317 1250 2362 peditum
1280 2317 1456 2361 magiste-

105 2362 203 2397 rium
230 2363 263 2397 G
333 2366 373 2396 31
401 2372 573 2406 eusepius
601 2361 635 2395 V
