1614 2549
366 95 708 133 CONSTANTIVS
732 95 793 130 ET
818 95 1047 131 IVLIANVS
1073 101 1137 132 361
1339 97 1421 139 251

75 207 187 247 rens,
206 206 291 247 qua
309 191 355 232 ui
373 190 444 232 uel
475 189 686 231 machinis
712 192 859 244 posset
890 189 1153 244 patefactam
1180 190 1423 245 inrumpere

76 251 311 293 ciuitatem.
374 249 441 291 15
473 249 585 304 quod
617 249 690 290 ubi
728 251 901 303 patrare
932 263 1019 290 non
1057 252 1228 316 poterat
1259 250 1424 304 magni—

74 309 221 351 tudine
253 311 426 350 uetante
458 308 777 361 difficultatum,
809 307 995 349 obsideri
1027 308 1248 350 lemissius
1270 312 1421 363 coepta

75 371 153 422 est,
184 371 228 409 et
248 367 437 409 excubiis
470 366 814 420 stationibusque
846 366 1024 420 relictis,
1055 367 1329 421 praesidiarii
1347 367 1424 409 mi-

44 427 176 468 5lites
213 429 438 468 uastantes
477 439 604 479 agros
643 425 906 479 propinquos
946 425 1145 466 omnibus
1191 439 1424 481 congr-uei]

73 486 190 527 tibus
225 461 530 527 abundabantC>
537 487 759 538 raptorum
798 484 1002 537 pleraque
1045 484 1423 538 concorporalibus

74 545 162 586 suis
194 544 487 599 inpertientes.
548 542 657 583 unde
690 542 878 596 largiore
912 542 1139 584 admodum
1170 546 1275 597 potu
1314 544 1425 598 sagi-

72 604 225 658 nisque
256 602 435 644 distenti
466 602 729 643 marcebant.

196 661 261 703 16.
292 660 373 702 His
405 661 617 702 relatione
655 659 863 701 Immonis
897 660 1243 714 consortiumque
1282 661 1425 715 cogni-

22 735 56 760 10
75 721 151 775 tis,
194 719 388 761 Iulianus
434 718 812 773 Constantinopoli
857 719 990 760 etiam
1033 722 1127 760 tum
1175 719 1425 772 hibernans,

76 779 246 821 sollerti
277 778 465 820 remedio
499 778 686 820 turbatis
709 778 925 819 consuluit
944 779 1084 832 rebus,
1116 792 1299 832 moxque
1320 778 1425 832 Agi-

75 839 219 880 lonem
244 838 503 892 magistrum
533 837 725 891 peditum
756 851 805 877 ea
837 839 1095 890 tempestate
1127 837 1261 890 probe
1283 837 1425 891 cogni-

75 900 168 939 tum
200 897 390 950 miserat,
425 899 474 938 ut
505 896 599 937 uiso
632 895 968 937 honoratissimo
1007 896 1101 937 uiro
1137 898 1424 950 conpertaque

74 971 151 1011 per
184 970 280 997 eum
311 959 450 996 morte
483 953 711 996 Constanti
745 954 983 995 solueretiu·
1015 954 1242 996 obsidium.

22 1027 56 1053 15
196 1015 262 1056 17.
293 1014 413 1055 Inter
453 1027 560 1068 quae
598 1027 651 1054 ne
694 1016 881 1054 cessaret
912 1013 1138 1067 Aquileiae
1180 1013 1426 1067 oppztynatio

78 1088 174 1116 cum
214 1073 260 1114 in
296 1073 476 1127 reliquis
517 1087 647 1126 opera
680 1074 1001 1113 consumeretur
1038 1072 1085 1113 in
1116 1086 1296 1125 cassum,
1337 1071 1427 1126 pla-

76 1133 165 1174 cuit
195 1132 448 1173 resistentes
481 1132 638 1172 acriter
671 1130 724 1172 ad
744 1131 1006 1172 deditionem
1039 1131 1112 1171 siti
1144 1130 1344 1184 conpelli.
1384 1133 1427 1171 et

75 1192 150 1234 ubi
182 1205 390 1246 aquarum
409 1190 606 1232 ductibus
638 1190 884 1230 intersectis
909 1190 1047 1231 nihilo
1079 1190 1220 1230 minus
1248 1189 1426 1230 celsiore

76 1250 232 1292 fiducia
251 1253 556 1304 repugnarent,
586 1248 745 1290 flumen
764 1249 984 1290 laboribus
1007 1249 1218 1290 auertitur
1244 1247 1426 1302 magnis.

23 1322 58 1347 20
78 1309 190 1364 quod
220 1309 371 1350 itidem
402 1309 565 1359 frustra
597 1310 663 1348 est
694 1306 867 1348 factum.
930 1308 1165 1349 attenuatis
1193 1307 1308 1348 enim
1340 1307 1427 1348 aui-

77 1368 269 1410 dioribus
301 1367 477 1409 bibendi
509 1366 726 1419 subsidiis,
766 1366 824 1432 lii,
867 1381 971 1420 quos
1010 1366 1234 1407 temeritas
1268 1365 1426 1407 clause-

77 1430 159 1481 rat,
185 1427 378 1468 contenti
409 1426 658 1481 putealibus
692 1425 813 1479 aquis
846 1440 972 1479 parce
1004 1426 1215 1466 uixerunt.

198 1486 264 1528 18.
298 1485 416 1534 Quae
449 1485 550 1526 dum
589 1485 811 1539 agitantui
842 1484 1013 1525 casibus
1047 1487 1146 1525 ante
1185 1483 1324 1536 dictis,
1362 1497 1428 1524 31(-

69 1546 270 1599 pememt,
295 1547 344 1586 ut
374 1547 653 1598 praeceptum
681 1546 758 1596 est,
789 1543 935 1597 Agilo,
968 1546 1272 1597 scutorumque
1293 1542 1429 1583 densi-

24 1618 58 1644 25
77 1607 169 1646 tate
201 1606 421 1645 contectus
453 1617 586 1657 prope
617 1602 799 1642 fidenter
832 1603 1023 1655 accessit,
1055 1602 1278 1656 multaque
1316 1601 1430 1642 locu-

76 1666 148 1705 tus
182 1665 224 1704 et
255 1677 369 1715 uera,
396 1662 553 1716 quibus
574 1660 803 1702 Constanti
836 1661 1003 1702 obitum
1035 1660 1340 1715 firmatumque
1364 1659 1431 1700 Iu-

77 1721 186 1763 liani
225 1721 406 1763 docebat
447 1721 688 1775 imperium,
728 1734 816 1761 non
856 1720 947 1761 sine
990 1719 1195 1761 conuiciis
1238 1718 1430 1760 confuta-

81 1781 209 1822 batur
239 1783 288 1822 ut
319 1780 467 1821 fallax.
529 1793 605 1820 nec
637 1779 675 1819 ei
709 1779 936 1833 quisquam
970 1778 1150 1820 credidit
1182 1781 1305 1832 gesta
1336 1792 1431 1818 nar-

79 1840 212 1893 ranti,
250 1842 483 1893 antequam
521 1841 647 1892 pacta
687 1838 826 1879 salute
867 1840 1090 1891 susceptus
1123 1837 1176 1878 ad
1214 1849 1431 1890 pugnacu-

26 1912 60 1938 30
80 1899 172 1939 lum
204 1898 340 1952 solus,
376 1898 458 1939 fide
490 1896 738 1952 religiosius
771 1896 939 1937 reddita
971 1911 1037 1950 ea,
1077 1910 1184 1950 quae
1217 1896 1431 1948 docuerat,

174 2078 195 2108 4
246 2073 452 2107 raesidiarii
473 2072 612 2106 milites
629 2072 662 2106 G
680 2071 1004 2106 sircsidiarumiles
1019 2069 1087 2104 VP
1133 2073 1152 2085 ¹*
1139 2070 1258 2114 ipotu
1278 2069 1431 2114 saginis·
1429 2064 1441 2072 ’

87 2129 161 2163 que
187 2129 208 2153 a
236 2118 390 2151 modum
413 2117 681 2160 transpos.rbc1
770 2120 810 2150 1-2
835 2116 1006 2160 peditum
1030 2115 1136 2159 qua
1159 2113 1373 2166 praeditum
1404 2113 1437 2146 V

85 2168 128 2198 14
159 2162 367 2198 Constantii
401 2162 435 2197 G
465 2162 644 2197 constrati
679 2161 714 2195 V
802 2165 845 2195 15
868 2160 1064 2205 Aquileiae
1091 2159 1323 2204 oppugnatio
1349 2170 1433 2193 cum

85 2208 120 2244 G
144 2207 284 2252 aquilei
311 2208 390 2252 [lac
416 2210 459 2242 15
485 2207 558 2243 litt.
601 2218 684 2241 cum
713 2205 781 2240 VP
875 2211 915 2241 16
941 2206 1249 2240 consumerentur
1283 2203 1317 2238 G
1348 2214 1433 2237 con-

83 2263 316 2288 sumeremur
345 2251 379 2286 V
464 2256 504 2287 17
531 2263 552 2286 a
603 2251 834 2285 deditionem
865 2251 908 2295 by
939 2249 1085 2284 addidit
1120 2249 1188 2284 VP
1271 2253 1314 2283 20
1339 2248 1433 2282 uiui-

85 2297 251 2332 dioribus
274 2297 407 2342 Haupt
481 2300 523 2332 23
549 2296 657 2331 dietis
682 2296 899 2341 superuenit
922 2296 965 2329 ut
991 2295 1025 2330 G
1050 2294 1158 2328 dictis
1184 2294 1325 2338 [Iccc.1'7
1348 2293 1433 2337 lzsttt]

83 2342 153 2377 Nit
175 2344 218 2377 ut
238 2342 306 2378 VP
324 2342 432 2377 dletis
458 2342 536 2376 sine
553 2352 658 2376 mora
682 2341 742 2375 hic
767 2342 811 2376 ba
896 2345 938 2375 27
964 2351 1038 2375 non
1063 2350 1131 2375 om.
1157 2340 1240 2375 Pba
1257 2338 1434 2382 conputa-

83 2387 195 2422 batur
222 2387 291 2422 VP
364 2390 408 2422 28
432 2388 475 2421 ut
499 2387 567 2432 hya
590 2387 630 2421 in
654 2386 756 2422 codd.
