1614 2549
391 88 728 124 CONSTANTIVS
753 88 814 123 ET
838 88 1072 124 IVLIANVS
1096 92 1163 123 355
1397 87 1453 133 69

101 183 346 238 perat-isque
379 184 587 225 ambobus
621 184 756 225 coisse
789 198 884 225 cum
917 183 1134 238 generosis
1167 182 1336 223 feminis
1366 197 1454 224 sus—

102 242 348 297 cepisseque
380 242 541 283 liberos
573 242 718 296 plures
759 245 801 283 et
833 257 905 284 eos
944 244 1088 296 partes
1129 241 1282 296 quibus
1321 241 1452 294 impe-

102 301 293 342 ritabant
318 301 406 342 suis
426 301 672 342 nominibus
694 301 947 355 appellasse.
1012 302 1048 342 7.
1075 315 1100 341 3
1126 300 1326 342 Phocaea
1351 314 1453 340 uero

101 359 318 400 Asiaticus
350 360 535 413 populus
567 359 752 413 Harpali
790 359 1115 401 inclementiam
1151 359 1312 412 tutans,
1350 357 1453 412 Cyri

66 429 82 454 5
101 418 216 472 regis
248 418 472 472 praefecti,
509 418 684 459 Italiam
715 418 891 472 nauigio
929 418 1051 471 petit.
1113 418 1232 459 cuius
1269 432 1369 471 pars
1408 417 1454 458 in

100 477 290 519 Lucania
320 476 503 531 Veliam,
535 477 622 518 alia
654 477 842 519 condidit
873 477 918 518 in
937 476 1174 518 Viennensi
1192 476 1453 517 Massiliam:

101 536 198 577 dein
218 536 374 577 secutis
396 510 610 576 aetatibus
643 536 801 590 oppida
832 537 956 576 aucta
988 535 1147 576 uirium
1180 535 1304 588 copia
1333 535 1455 576 insti-

100 597 220 636 tuere
246 609 332 635 non
362 609 509 648 pauca.
560 594 633 635 sed
666 595 918 636 declinanda
950 594 1138 635 uarietas
1172 608 1297 647 saepe
1331 593 1455 634 satie-

100 653 181 694 tati
214 653 450 694 coniuncta.
514 654 553 695 8.
579 668 655 707 per
694 654 799 694 haec
837 654 932 694 loca
963 653 1211 694 hominibus
1245 652 1456 718 paulatim

48 724 80 749 10
101 712 280 753 excultis
319 712 494 765 uigi·1e1e
535 712 676 753 studia
717 712 1001 753 laudabilium
1040 711 1350 764 doctrinar,um
1394 711 1456 752 in-

100 770 256 812 choata
293 785 370 824 per
408 770 564 812 bardos
604 773 646 811 et
684 771 862 825 euhagis
902 773 947 811 et
984 771 1187 812 drasidas.
1251 772 1294 810 et
1330 769 1455 810 bardi

101 830 272 883 quidem
309 829 441 871 fortia
478 830 670 870 uirorum
709 829 944 870 illustrium
981 829 1095 870 facta
1133 828 1318 870 heroicis
1359 842 1454 869 con-

100 889 243 942 posita
281 888 476 929 uersibus
517 903 612 929 cum
651 888 846 929 dulcibus
886 888 1006 942 lyrae
1044 887 1230 929 modulis
1276 886 1453 928 cantita-

99 949 216 1000 runt,
255 945 440 1001 euhages
473 961 575 988 uero
609 949 847 988 scrutantes
882 947 1036 988 seriem
1068 949 1110 987 et
1148 946 1351 987 sublimia
1381 960 1454 987 na-

47 1018 79 1042 15
99 1008 219 1047 turae
250 1005 435 1059 pandere
468 1006 747 1047 conabantur.
788 1006 900 1046 inter
933 1020 1004 1047 eos
1038 1005 1234 1046 drasidae
1267 1004 1452 1058 ingeniis

99 1064 317 1118 celsiores,
349 1067 397 1105 ut
430 1065 662 1106 auctoritas
694 1064 969 1119 Pythagorae
1002 1064 1202 1117 decreuit,
1236 1063 1452 1104 sodaliciis

99 1123 293 1165 adstricti
338 1123 588 1177 consortiis,
634 1124 956 1177 quaestionibus
1002 1123 1266 1164 occultarum
1308 1136 1452 1163 rerum

99 1182 367 1236 altarumque
407 1182 537 1223 erecti
576 1185 675 1223 sunt
713 1185 756 1223 et
794 1182 1087 1235 despectantes
1127 1181 1316 1223 humana
1357 1195 1453 1234 pro-

98 1241 352 1282 nuntiarunt
383 1241 546 1282 animas
579 1241 843 1282 inmortales.

45 1313 78 1337 20
216 1298 721 1341 10.1.Η3110(τ311131·11111
734 1300 911 1354 plagam
923 1299 977 1340 ob
994 1301 1224 1353 suggestus
1239 1298 1452 1339 montium

98 1359 253 1399 arduos
284 1361 327 1399 et
358 1357 535 1399 horrore
568 1358 705 1399 niuali
726 1373 893 1412 semper
914 1358 1119 1399 obductos
1153 1357 1270 1398 orbis
1291 1356 1452 1398 residui

98 1417 249 1458 incolis
284 1416 465 1458 antehac
503 1431 638 1470 paene
671 1417 878 1471 ignotam,
910 1417 996 1458 nisi
1029 1432 1113 1471 qua
1150 1416 1352 1457 litoribus
1387 1418 1453 1457 est

96 1476 249 1529 uicina,
287 1475 525 1517 munimina
557 1476 759 1517 claudunt
790 1476 975 1530 undique
1007 1479 1163 1517 natura
1200 1474 1320 1516 uelut
1359 1476 1451 1516 arte

97 1534 368 1576 circumdata.
419 1535 457 1575 i).
485 1537 526 1575 et
560 1549 583 1576 a
610 1535 744 1575 latere
766 1535 937 1589 quidem
964 1534 1146 1575 australi
1166 1533 1360 1588 Tyrreno
1382 1532 1451 1575 ad-

43 1605 76 1630 25
97 1594 229 1635 luitur
262 1596 305 1634 et
324 1593 492 1634 Gallico
514 1594 640 1634 mari:
674 1608 757 1647 qua
777 1594 961 1634 caeleste
996 1593 1175 1647 suspicit
1197 1593 1451 1646 plaustrum,

97 1668 122 1694 a
152 1653 255 1693 feris
289 1652 492 1706 gentibus
525 1652 697 1693 fluentis
730 1653 1013 1706 distinguitur
1044 1652 1205 1693 Rheni:
1237 1651 1312 1692 ubi
1344 1651 1451 1692 occi-

95 1711 259 1752 dentali
291 1711 484 1752 subiecta
517 1713 582 1752 est
621 1711 762 1762 sideri,
795 1725 953 1752 oceano
987 1714 1030 1752 et
1063 1710 1289 1752 altitudine
1321 1709 1451 1764 Pyre-

95 1771 192 1811 naei
224 1770 430 1824 cingitur3
463 1770 572 1811 unde
594 1770 645 1811 ad
679 1770 783 1811 solis
805 1773 925 1811 ortus
947 1770 1185 1823 adtollitur,
1218 1769 1449 1823 aggeribus

96 1829 207 1870 cedit
237 1829 416 1882 Alpium
449 1827 709 1870 Cottiarum:
742 1829 834 1870 uias
866 1843 942 1870 rex
975 1827 1156 1882 Cottius,
1194 1827 1449 1882 perdomitis

43 1902 76 1926 30
98 1887 253 1929 Galliis
287 1888 403 1929 solus
436 1887 482 1928 111
503 1888 714 1942 angustiis
736 1888 875 1928 latens
897 1887 1097 1941 inuiaque
1119 1887 1313 1928 locorum
1334 1900 1452 1940 aspe-

96 1947 227 1988 ritate
273 1946 474 2000 confisus,
517 1946 651 1987 lenito
696 1947 870 1987 tandem
913 1949 1081 1987 tumore
1126 1946 1171 1986 111
1215 1944 1451 1986 amicitiam

184 2100 203 2130 6
228 2096 414 2131 lucaniam
444 2096 512 2130 VP
583 2101 620 2130 11
649 2096 785 2131 uardos
818 2096 886 2130 ῙΡ
967 2096 1140 2141 Euhages
1166 2097 1204 2131 et
1227 2095 1388 2130 Druidas
1414 2094 1448 2129 G

94 2141 248 2186 euhagis
266 2142 304 2175 et
328 2141 444 2191 dratis
467 2141 535 2175 VP
581 2141 692 2175 nardi
710 2140 777 2175 VP
826 2146 865 2175 14
891 2141 1064 2186 Euhages
1084 2141 1118 2175 G
1153 2141 1288 2175 seriem
1306 2143 1356 2185 (?)
1378 2139 1447 2175 Va-

95 2186 205 2220 lesius
229 2185 391 2220 seruiani
414 2185 482 2220 VP
506 2197 651 2220 summa
676 2187 741 2230 bgsa
790 2191 831 2221 15
856 2197 919 2221 eos
935 2153 1112 2231 Eyssenh
1139 2197 1178 2220 es
1202 2185 1270 2221 VP
1287 2185 1356 2220 hos
1381 2186 1448 2229 ὄρει

93 2230 263 2265 drasidae
293 2231 424 2274 scripsi
455 2234 510 2272 (ut
534 2234 576 2264 11
604 2235 636 2265 et
654 2241 695 2274 p.
715 2233 774 2273 68,
790 2232 852 2275 21)
878 2231 1075 2275 dryaridae
1098 2230 1166 2269 VP
1182 2229 1354 2264 Druidae
1380 2230 1447 2274 bgla

94 2279 136 2310 18
154 2276 192 2309 et
209 2295 244 2300 —
270 2279 311 2310 19
327 2275 545 2310 inmortales
562 2276 650 2310 add.
676 2275 730 2309 Vm
757 2276 814 2320 [in
831 2279 1002 2311 contextu
1020 2276 1087 2312 lac
1107 2280 1148 2310 12
1167 2275 1252 2320 litt]
1306 2279 1349 2310 28
1373 2275 1447 2309 cin-

93 2320 193 2365 gitur
218 2320 329 2399 ιιτᾶῖᾶᾳο
354 2320 518 2365 surgitur
548 2320 659 2365 VPby
683 2322 838 2365 urgetur
866 2321 916 2355 E
904 2321 1045 2366 Jssenh
1138 2324 1181 2355 ‘29
1206 2321 1287 2354 uias
1317 2320 1451 2363 scripsi

94 2375 185 2408 quas
210 2374 250 2400 co
