1614 2549
397 65 735 101 CONSTANTIVS
759 65 822 100 ET
847 65 1077 102 IVLIANVS
1102 70 1168 102 356
1372 69 1427 110 93

77 159 267 202 omnium
297 159 450 214 larem,
489 174 585 201 cum
620 160 812 201 uenisset
844 160 897 201 ad
933 163 1092 216 rostra,
1135 161 1427 215 perspectissi-

75 233 193 260 mum
222 218 384 272 priscae
415 219 636 272 potentiae
668 218 822 272 forum,
855 219 1078 273 obstupuit
1109 233 1268 273 perque
1301 233 1425 260 omne

76 277 187 319 latus
221 291 302 330 quo
342 291 386 317 se
419 277 531 318 oculi
563 278 846 318 contulissent
877 277 1183 319 miraculorum
1215 277 1426 319 densitate

75 335 364 390 praestrictus,
404 335 626 377 adlocutus
658 336 934 378 nobilitatem
972 336 1017 376 in
1049 337 1165 377 curia
1203 336 1427 390 populum-

40 410 57 435 5
77 408 156 448 que
197 407 218 435 e
256 394 477 447 tribunali,
521 394 565 435 in
605 395 816 448 palatium
857 398 1052 448 receptus
1095 395 1243 436 fauore
1284 395 1427 436 multi-

73 452 188 507 plici,
220 452 390 493 laetitia
420 453 642 494 fruebatur
663 456 824 507 optata,
857 456 899 494 et
921 468 1058 506 saepe,
1091 468 1185 494 cum
1208 456 1425 507 equestres

74 511 218 552 ederet
251 511 386 564 ludos,
419 511 645 553 dicacitate
678 512 816 566 plebis
844 511 1143 554 oblectabatur
1174 526 1252 552 nec
1285 527 1427 565 super-

73 570 153 611 bae
184 584 261 610 nec
283 584 307 611 a
338 570 539 611 libertate
561 571 722 611 coalita
742 570 1030 623 desciscentis,
1062 573 1308 611 reuerenter
1339 584 1427 611 mo-

73 628 173 669 dum
192 628 283 682 ipse
304 643 471 682 quoque
492 629 683 670 debitum
703 643 891 670 seruans,
926 630 992 670 14.
1023 643 1111 669 non
1131 629 1257 682 enim,
1283 632 1331 669 ut
1351 643 1426 682 per

21 703 55 728 ιο
74 686 270 728 ciuitates
293 687 412 741 alias,
446 688 497 728 ad
528 688 757 729 arbitrium
789 703 912 728 suum
943 687 1179 728 certamina
1211 687 1325 728 finiri
1356 702 1428 741 pa-

73 746 275 798 tiebatur,
316 746 390 786 sed
423 750 468 787 ut
509 761 601 787 mos
645 750 709 787 est
750 747 881 787 uariis
924 746 1092 787 casibus
1133 746 1426 799 permittebat.

74 803 223 845 deinde
255 804 370 846 intra
402 808 566 858 septem
598 805 808 846 montium
829 805 1028 851 culmina.
1048 819 1124 858 per
1155 805 1426 846 adcliuitates

72 862 382 917 planitiemque
414 864 558 917 posita
588 864 707 904 urbis
740 864 931 904 membra
953 864 1224 904 conlustrans
1258 866 1301 904 et
1333 863 1428 903 sub-

73 921 256 973 urbana,
301 922 501 976 quicquid
545 922 713 963 uiderat
756 922 960 976 primum,
1004 922 1046 962 id
1085 921 1270 962 eminere
1315 921 1428 961 inter

23 996 55 1022 15
75 980 160 1021 alia
192 984 343 1022 cuncta
374 981 594 1034 sperabat:
657 980 772 1022 Iouis
806 980 962 1034 Tarpei
996 979 1187 1033 delubra,
1220 982 1428 1034 quantum

73 1039 254 1080 terrenis
286 1039 432 1080 diuina
463 1040 748 1092 praecellimt:
782 1039 954 1080 lauacra
986 1039 1031 1080 in
1050 1039 1224 1080 modum
1256 1038 1427 1092 prouin-

74 1098 236 1139 ciarum
268 1100 502 1139 exstrtucta
536 1098 846 1152 amphitheatri
865 1098 1023 1139 molem
1056 1097 1288 1138 solidatam
1320 1097 1426 1150 lapi-

74 1155 137 1197 dis
179 1155 397 1197 Tiburtini
438 1170 662 1211 compa0e‚
704 1157 756 1197 ad
799 1157 915 1198 cuius
960 1156 1256 1197 summitatem
1299 1169 1427 1209 aegre

73 1214 184 1256 uisio
222 1215 411 1260 humana
448 1216 711 1257 conscendit:
762 1215 1004 1256 Pantheum
1045 1215 1164 1255 uelut
1205 1215 1428 1268 regionem

20 1284 55 1310 20
74 1276 255 1315 teretem
287 1275 479 1328 speciosa
499 1274 751 1315 celsitudine
782 1274 1060 1315 fornicatam:
1094 1273 1316 1329 elatosque
1338 1287 1428 1314 uer-

73 1332 179 1374 tices
212 1333 386 1374 scansili
413 1336 620 1387 suggestu
646 1333 869 1374 consulum
890 1336 933 1373 et
963 1332 1157 1388 prioruni
1185 1332 1428 1385 principum

74 1390 344 1432 imitamenta
362 1394 598 1445 portantes,
620 1395 662 1432 et
676 1391 806 1432 Vrbis
828 1391 1038 1445 templum
1059 1390 1282 1444 forumque
1303 1389 1427 1430 Pacis

75 1452 118 1490 et
157 1449 335 1504 Pompei
378 1450 597 1491 theatrum
639 1454 680 1492 et
723 1449 887 1491 Odeum
931 1453 973 1491 et
1019 1448 1214 1491 Stadium
1259 1449 1427 1502 aliaque

0 1534 1 1553 1
74 1508 186 1549 inter
217 1508 321 1550 haec
354 1509 506 1551 decora
538 1510 657 1550 urbis
691 1512 900 1551 aeternae.
962 1508 1026 1550 15.
1065 1522 1216 1549 uerum
1248 1522 1344 1548 cum
1376 1507 1427 1548 ad

0 1574 55 1605 {25
74 1566 251 1608 Traiani
288 1567 429 1608 forum
468 1568 675 1621 uenisset,
720 1568 984 1621 singularem
1030 1567 1106 1608 sub
1153 1567 1271 1607 omni
1309 1566 1426 1607 caelo

11 1652 15 1655 1
74 1628 352 1680 structuram,
389 1630 438 1668 ut
470 1627 715 1681 opinamur,
753 1627 884 1668 etiam
922 1626 1144 1667 numinum
1176 1625 1427 1666 adsensione

74 1684 329 1738 mirabilem,
374 1685 582 1727 haerebat
615 1686 833 1727 adtonitus
856 1699 932 1739 per
953 1685 1180 1739 giganteos
1203 1686 1427 1726 contextus

75 1743 375 1785 circumferens
412 1747 600 1785 mentem
641 1759 716 1785 nec
758 1744 898 1785 relatu
941 1744 1132 1784 effabiles
1170 1758 1247 1784 nec
1280 1758 1426 1784 rursus

75 1802 330 1844 mortalibus
372 1803 643 1857 adpetendos.
706 1804 822 1844 omni
861 1803 1005 1857 itaque
1047 1817 1121 1856 spe
1154 1802 1279 1843 huius
1312 1801 1428 1842 modi

21 1871 56 1898 30
76 1861 304 1915 quicquam
336 1862 516 1903 conandi
548 1862 726 1916 depulsa
758 1862 934 1903 Traiani
966 1876 1121 1915 equum
1147 1861 1289 1902 solum
1318 1861 1430 1900 loca-

75 1922 168 1960 tum
204 1920 250 1960 in
287 1921 389 1961 atrii
419 1921 571 1974 medio,
610 1921 682 1975 qui
714 1921 855 1974 ipsum
893 1920 1132 1985 principem
1163 1919 1296 1972 uehit,
1337 1918 1429 1959 imi-

75 1979 160 2020 tari
192 1993 236 2019 se
268 1979 381 2020 uelle
414 1955 582 2021 diceba't
615 1982 657 2020 et
690 1993 827 2033 posse.
881 1978 944 2019 16.
989 1978 1056 2019 cui
1088 1992 1221 2032 prope
1254 1952 1427 2018 adstans

75 2037 235 2090 regalis
258 2036 469 2091 Ormizda,
503 2038 620 2080 cuius
643 2052 662 2078 e
683 2037 858 2078 Perside
886 2038 1119 2078 discessum
1152 2051 1281 2090 supra
1312 2050 1428 2077 mon-

169 2213 190 2244 5
215 2219 234 2243 e
265 2209 433 2245 Valesius
455 2220 522 2245 om.
552 2211 621 2245 VP
644 2222 711 2254 pro
739 2211 806 2255 baa
899 2214 940 2245 10
965 2211 1012 2244 ad
1042 2211 1088 2245 V2
1114 2212 1208 2254 (sup.
1232 2212 1341 2253 uers.)
1359 2211 1429 2245 GA

76 2263 143 2289 om.
172 2253 256 2289 V¹P
303 2259 346 2289 14
369 2255 520 2290 uiderat
547 2222 714 2290 Valespius
739 2257 820 2290 erat
848 2255 954 2290 VGP
977 2266 1042 2290 om.
1069 2258 1115 2290 ba
1161 2260 1202 2290 21
1229 2255 1377 2289 scansili
1395 2256 1428 2290 G

78 2299 200 2334 cassili
220 2299 255 2332 V
298 2300 509 2335 consulum·
518 2302 556 2335 et
583 2300 617 2335 G
642 2301 870 2345 consurgunt
898 2300 1013 2335 VPba
1060 2305 1103 2336 30
1121 2300 1323 2344 quicquam
1344 2300 1428 2334 V²P

140 2343 262 2381 V¹G
354 2349 397 2380 33
421 2345 585 2380 ormisda
613 2345 682 2379 VP
