1573 2508
154 71 235 113 172
640 69 784 106 xvnn
809 75 842 115 2,
865 74 977 107 4-14

151 165 269 207 bant.
312 179 425 219 parS,
457 178 566 218 quae
598 166 809 207 orientem
840 168 1076 222 spectabat,
1108 168 1323 211 Chionitis
1355 168 1501 211 euenit
1526 160 1541 214 f

152 238 235 278 qua
267 223 461 264 funestus
492 223 618 264 nobis
650 224 863 266 ceciderat
894 226 1143 269 adulescens
1147 259 1344 270 .........
1375 226 1501 269 meri·

151 282 277 324 diano
311 281 438 323 lateri
470 285 570 323 sunt
596 282 814 337 destinati,
843 286 1031 326 tractum
1063 287 1299 329 seruabant
1333 288 1501 341 septen·
1539 303 1545 339 ς

151 340 305 382 trionis
338 340 513 394 Albani,
545 341 801 383 occidentali
832 345 982 396 portae
1015 345 1204 399 oppositi
1236 347 1335 387 sunt
1368 343 1501 399 Sege—
1539 351 1546 360 “

152 399 285 452 stani,
317 399 514 440 acerrimi
547 400 739 441 omnium
776 401 1030 457 bellatores,
1069 418 1164 445 cum
1195 404 1351 458 quibus
1384 402 1535 446 elatae

150 457 194 497 in
227 457 406 499 arduum
446 458 585 511 specie
624 459 952 513 elephantorum
986 463 1162 516 agmina
1193 462 1366 517 rugosis
1403 461 1500 503 hor-

149 516 281 557 renda
320 517 572 571 corporibus
611 517 765 559 leniter
806 519 1062 561 incedebant
1106 521 1287 562 armatis
1331 522 1500 574 onusta,

148 574 265 615 ultra
304 589 474 616 omnem
511 575 731 617 diritatem
770 578 899 618 taetri
937 579 1171 633 spectaculi
1217 577 1501 632 formidanda,

150 636 197 674 ut
227 633 475 674 rettulimus
509 649 647 688 saepe.

267 693 306 733 4.
339 690 572 734 Cernentes
615 694 796 746 populos
841 698 931 736 tam
977 697 1237 738 indimensos
1281 697 1334 739 ad
1377 695 1497 737 orbis
1519 710 1532 734 1

148 749 335 791 Romani
368 751 610 792 incendium
642 752 714 792 diu
734 753 953 806 quaesitos
986 755 1029 796 in
1050 759 1246 797 nostrum
1266 768 1498 797 conuersos

149 808 340 863 exitium,
372 809 527 851 salutis
559 813 656 851 rata
688 811 986 864 desperatione
1019 814 1235 868 gloriosos
1267 814 1384 855 uitae
1416 812 1500 854 exi-

147 871 218 908 tus
250 867 400 908 deinde
433 869 701 922 curabamus,
733 870 903 925 iamque
935 872 1133 913 omnibus
1166 873 1291 914 nobis
1312 874 1498 926 optatos.

147 926 186 967 5.
219 942 244 967 a
277 926 365 967 sole
398 927 543 981 itaque
576 930 670 968 orto
704 943 837 982 usque
858 929 942 971 diei
975 931 1175 972 ultimum
1202 931 1316 973 acies
1348 930 1497 972 immo-

146 984 257 1025 biles
291 985 467 1026 stabant
501 989 547 1027 ut
579 985 688 1027 fixae
707 987 826 1028 nullo
847 988 1016 1030 uariato
1038 990 1222 1043 uestigio
1244 1005 1320 1031 nec
1352 989 1496 1030 sonitu

146 1043 215 1084 uel
249 1057 455 1097 equorum
488 1044 632 1086 audito
666 1045 850 1100 hinnitu,
883 1047 1113 1102 eademque
1145 1049 1285 1102 figura
1312 1047 1496 1102 digressi

148 1116 232 1155 qua
265 1105 486 1155 uenerant,
518 1103 612 1144 cibo
643 1105 824 1146 recreati
857 1110 900 1146 et
932 1120 1095 1159 somno,
1126 1122 1221 1148 cum
1254 1109 1498 1161 superesset

147 1160 349 1215 exiguum
380 1161 533 1215 noctis,
566 1165 845 1204 aeneatorum
877 1164 1081 1219 clangore
1113 1166 1316 1208 ductante
1348 1165 1498 1207 urbem

146 1222 193 1260 ut
225 1233 324 1261 mox
357 1234 553 1261 casuram
585 1221 771 1263 terribili
792 1237 949 1264 corona
982 1224 1216 1266 cinxerunt.
1278 1225 1317 1266 (3.
1336 1224 1493 1279 uixque

145 1278 220 1319 ubi
252 1278 511 1320 Grumbates
541 1279 715 1321 hastam
747 1281 950 1323 infectam
982 1283 1189 1338 sanguine
1219 1284 1308 1325 ritu
1349 1282 1492 1337 patrio
1511 1294 1545 1322 ιο

145 1338 367 1392 nostrique
412 1353 530 1379 more
580 1339 821 1381 coniecerat
870 1340 1052 1395 fetialis,
1098 1342 1228 1384 armis
1281 1340 1491 1383 exercitus

147 1410 408 1450 concrepans
448 1397 615 1438 inuolat
658 1413 802 1440 muros
854 1400 1164 1456 confestimque
1214 1399 1497 1442 lacrimabilis

145 1454 249 1496 belli
296 1454 422 1496 turbo
463 1456 691 1510 crudescit,
734 1457 884 1511 rapido
935 1462 1174 1501 turmarum
1212 1473 1416 1514 processu
1452 1458 1498 1500 in

144 1514 414 1566 procinctum
447 1514 672 1556 alacritate
705 1517 820 1557 omni
853 1517 1130 1572 tendentium,
1163 1521 1205 1559 et
1225 1521 1376 1560 contra
1407 1517 1495 1559 acri

144 1572 394 1627 intentaque
427 1574 722 1615 occursatione
754 1579 1012 1617 nostrorum.
1510 1595 1546 1624 2⁵.

268 1632 304 1672 7.
347 1630 533 1672 Proinde
577 1632 785 1674 diffractis
831 1635 1046 1688 capitibus
1092 1636 1252 1677 multos
1302 1635 1493 1676 hostium

144 1689 421 1743 scorpionum
453 1690 567 1731 iactu
589 1691 724 1732 moles
759 1708 912 1734 saxeae
933 1694 1197 1748 colliserunt,
1229 1694 1305 1735 alii
1324 1693 1496 1735 traiecti

144 1748 345 1803 sagittis,
383 1763 484 1802 pars
517 1750 671 1790 confixi
709 1752 894 1804 tragulis
932 1751 1109 1794 humum
1141 1752 1391 1807 corporibus
1424 1751 1496 1793 ob-

144 1807 384 1860 struebant,
417 1807 633 1848 uulnerati
666 1808 742 1850 alii
775 1811 913 1851 socios
945 1812 1049 1865 fuga
1079 1811 1307 1866 praecipiti
1332 1812 1494 1865 repete-

143 1864 261 1906 bant.
325 1865 362 1907 8.
395 1880 471 1907 nec
504 1866 691 1907 minores
731 1868 774 1908 in
813 1869 989 1910 ciuitate
1029 1870 1170 1911 luctus
1209 1871 1283 1911 aut
1320 1872 1546 1923 mortes,³o

143 1923 403 1977 sagittarum
437 1925 695 1967 creberrima
727 1927 839 1968 nube
879 1943 1006 1969 auras
1045 1929 1186 1982 spissa
1218 1927 1494 1970 multitudine

143 1982 427 2024 obumbrante
466 1985 865 2040 tormentorumque
905 1987 1136 2041 machinis,
1181 2001 1290 2042 quae
1328 1986 1494 2040 direpta

233 2135 249 2165 1
275 2135 362 2166 (mcc
386 2132 568 2167 orientem
594 2134 662 2168 del.
687 2135 797 2169 omne
824 2135 864 2169 in
894 2135 926 2168 V
971 2135 1213 2180 exspectabat
1244 2134 1310 2170 VP
1378 2139 1399 2169 2
1423 2135 1491 2170 lac.

139 2179 164 2208 8
187 2175 258 2209 litt.
292 2175 338 2209 V¹
374 2176 477 2210 cuius
519 2177 658 2213 V²Pba
688 2178 828 2214 Vei-tae
862 2180 895 2213 G
927 2179 991 2223 (cf.
1019 2185 1071 2222 19,
1098 2184 1129 2221 5,
1155 2184 1190 2220 8)
1223 2179 1341 2215 Chuni
1365 2179 1492 2214 Hadr.

145 2217 311 2254 Valesius
404 2225 422 2255 7
459 2223 592 2257 armati
642 2222 708 2258 VP
803 2228 844 2259 18
875 2224 1052 2259 ductante
1091 2224 1232 2259 VGAP
1261 2225 1416 2259 ductore
1450 2223 1492 2258 rb

139 2267 184 2298 22
207 2263 389 2310 inuolanti
422 2265 451 2299 V
543 2269 614 2302 *23
639 2268 750 2302 turba
781 2268 890 2314 VPby
982 2269 1229 2303 turemarium
1258 2268 1326 2303 VP
1407 2277 1490 2312 pro-

141 2318 249 2388 cui-{u
277 2308 310 2359 G
339 2354 355 2383 l
380 2314 421 2344 :37
455 2311 527 2345 alia
565 2311 596 2345 V
665 2317 707 2346 ‘29
738 2313 856 2347 socios
889 2314 928 2348 in
952 2324 1023 2350 ras.
1057 2314 1105 2349 al.
1138 2324 1237 2348 man.
1276 2312 1307 2347 V
1367 2316 1410 2348 32
1435 2311 1491 2347 di-

142 2363 208 2399 rep
230 2363 251 2387 a
274 2365 311 2387 111
355 2355 370 2386 ι’
