1614 2549
342 64 668 102 PERDITORVM
692 64 947 100 LIBRORVM
970 64 1234 107 RELIQVIAE
1454 64 1480 105 3

239 165 458 204 currentes
490 162 730 204 uicinarum
762 161 957 216 gentium
989 161 1196 215 strepitus
1223 162 1384 203 nostris
1404 161 1476 204 du-

241 221 360 263 cibus
393 221 658 263 intimarent.

120 290 241 332 XIII.
276 291 347 345 15,
379 291 424 345 5,
458 291 512 333 16
541 289 866 347 (Laniogaisus)
899 305 1024 345 quem
1057 315 1112 320 —
1146 316 1201 321 —-
1235 292 1376 333 solum
1408 291 1479 333 ad-

239 349 371 391 fuisse
403 350 613 392 morituro
648 348 922 391 Constanti
956 365 1086 404 supra
1116 351 1376 392 rettulimus.

511 444 751 498 Maqnetius
782 447 819 485 et
848 443 1081 486 Decentius.

123 515 267 557 XIIII.
303 516 375 569 16,
415 515 458 569 6,
497 516 524 556 2
555 515 698 557 Dorus
731 537 787 544 -—
821 538 876 543 —
910 530 1037 569 quem
1073 516 1305 557 nitentium
1336 531 1479 558 rerum

241 574 534 615 centurionem
568 574 646 615 sub
678 573 977 628 Magnentio
1015 574 1180 616 Romae
1224 578 1476 629 prouectum

239 633 485 674 rettulimus
529 647 753 675 accusasse
785 632 1048 686 Adelphirmi
1080 634 1178 675 urbi
1209 634 1477 688 praefectum

240 695 288 733 ut
320 691 479 733 altiora
512 694 796 746 coeptantem.

121 762 215 803 XV.
248 763 316 816 22,
351 762 417 816 13,
449 762 475 803 3
508 762 789 828 Asclepiades
821 762 1120 828 philosophUS,
1153 764 1271 805 cuius
1304 764 1350 805 in
1376 764 1479 805 acti-

239 821 319 862 bus
351 821 623 875 Magnenti
655 821 940 862 meminimus.

120 891 238 932 XVI.
272 892 341 945 21,
375 892 457 944 8,1
493 894 536 932 et
556 890 678 932 Iouio
700 894 977 946 quaesturam
997 890 1233 958 (commisit
1251 891 1478 950 Iulianus),

240 951 358 991 cuius
390 950 436 991 111
468 950 635 991 actibus
668 949 935 1004 Magnenti
968 951 1255 994 meminimus.

120 1019 260 1062 XVII.
295 1020 367 1074 15,
399 1021 444 1075 6,
476 1021 505 1061 4
535 1018 830 1086 (Poemenius)
862 1022 946 1076 qui,
977 1024 1025 1063 ut
1057 1037 1187 1077 supra
1218 1023 1480 1077 rettulimuS,

240 1094 335 1121 cum
356 1079 528 1120 Treuiri
548 1079 770 1121 ciuitatem
792 1079 968 1121 Caesari
988 1080 1270 1123 claussissent
1288 1081 1480 1124 Decen-

238 1139 333 1193 tio,
366 1138 419 1180 ad
452 1137 759 1179 defendendam
791 1139 962 1193 plebem
994 1139 1154 1181 electus
1188 1144 1264 1182 est.

687 1232 913 1275 Veteranio.

120 1302 284 1344 XVIII.
315 1303 369 1344 21
380 1336 390 1357 ,
424 1303 468 1357 8,
504 1305 524 1343 1
560 1302 841 1344 Gumoarium
872 1305 1136 1358 proditorem
1169 1305 1394 1360 antiquum
1425 1307 1478 1347 ti-

238 1376 376 1416 mens,
415 1376 541 1416 quem
573 1376 669 1402 cum
704 1361 924 1403 Scutarios
958 1367 1125 1418 ageret,
1163 1364 1350 1406 latenter
1381 1380 1478 1419 pro-

238 1420 396 1462 didisse
416 1419 821 1462 Veteranionem
855 1436 978 1463 suum
1003 1423 1241 1478 principem
1263 1424 1477 1466 audiebat.

660 1514 935 1558 Constantius.

119 1583 306 1626 XVIIII.
342 1586 414 1639 14,
456 1586 530 1639 10,
563 1586 589 1626 2
620 1585 894 1628 Herculanus
927 1611 982 1616 ——
1016 1612 1071 1616 —
1103 1587 1392 1642 Hermogenis
1425 1603 1476 1630 ex

238 1644 451 1698 magistro
497 1645 688 1698 equitum
732 1645 846 1686 filius
890 1646 1002 1700 apud
1036 1645 1474 1702 Constantinopolim,

238 1706 286 1744 ut
330 1717 459 1757 supra
503 1703 769 1758 rettulimus,
813 1705 1013 1758 populari
1046 1706 1262 1759 quondam
1301 1706 1475 1747 turbela

237 1761 455 1815 discerpti.

118 1831 210 1872 XX.
246 1832 318 1886 16,
360 1833 431 1886 10,
473 1833 525 1874 16
559 1832 778 1888 Ormizda,
818 1834 936 1876 cuius
977 1850 998 1876 e
1030 1834 1207 1877 Perside
1240 1836 1475 1877 discessum

237 1906 366 1945 supra
398 1893 749 1934 monstrauimus.

117 1959 232 2002 XXI.
268 1962 339 2015 14,
375 1962 416 2015 7,
451 1963 473 2003 7
510 1961 768 2004 Serenianus
801 1978 852 2004 ex
884 1964 1005 2018 duce,
1039 1965 1157 2006 cuius
1195 1965 1372 2019 ignauia
1402 1980 1475 2020 po-

235 2020 433 2074 pulatam
465 2021 510 2061 in
529 2020 744 2063 Phoenice
765 2020 922 2063 Celsen
953 1997 1051 2064 alite
1084 2024 1472 2065 rettulimus——

116 2089 257 2132 XXII.
286 2091 352 2145 18,
373 2091 412 2145 9,
433 2091 459 2132 3
480 2105 587 2146 quos
607 2089 966 2147 (Superuentores
989 2097 1117 2149 atque
1137 2092 1473 2151 Praeuentores)

235 2124 412 2191 til-ories
425 2152 519 2191 tum
539 2150 671 2192 etiam
690 2151 888 2193 nouellos
917 2152 1121 2195 hortante
1142 2156 1381 2195 memorato
1403 2153 1472 2195 ad-

236 2208 319 2250 huc
338 2211 582 2262 protectore
615 2210 805 2264 erupisse
826 2226 851 2252 a
873 2209 1059 2265 Singara
1078 2211 1319 2267 Persasque
1351 2212 1470 2254 fusos

238 2267 285 2308 in
318 2282 515 2309 somnum
545 2269 794 2310 rettulimus
827 2270 1067 2312 trucidasse
1100 2272 1340 2326 conplures.

117 2335 202 2392 (Cf.
214 2341 380 2392 praeter
380 2352 428 2380 ea
446 2339 619 2380 indecem
638 2339 711 2382 sub
729 2339 876 2382 horum
897 2341 1188 2394 vnperatorum
1207 2342 1472 2396 nominibus.)
