1614 2549
356 64 694 101 CONSTANTIVS
719 65 781 100 ET
807 65 1037 101 IVLIANVS
1063 70 1126 101 361
1334 68 1418 111 253

68 164 241 203 natores
262 161 525 215 conspicuos,
558 175 582 201 a
600 161 831 202 nobilitate
852 161 1020 215 legatos
1042 161 1096 202 ad
1116 159 1418 204 Constantium

70 221 239 273 missos,
282 219 433 261 exinde
476 234 672 261 reuersos
716 220 950 261 honorifice
994 220 1121 274 uidit,
1166 223 1208 262 et
1250 221 1418 274 potiore

73 278 325 333 posthabito
358 278 403 319 in
435 278 575 319 locum
608 279 794 321 Tertulli
813 278 1052 320 Maximum
1083 279 1181 320 urbi
1211 278 1420 333 praefecit

71 339 269 379 aeternae
303 337 355 378 ad
373 337 520 378 Rufini
539 337 715 379 Vulcati
747 337 946 392 gratiam,
978 338 1096 378 cuius
1130 338 1289 379 sororis
1322 353 1420 380 eum

35 407 52 432 5
71 395 211 437 filium
241 398 379 437 norat.
428 396 509 437 hoc
542 396 871 438 administrante
899 396 1172 438 alimentaria
1202 411 1269 438 res
1291 397 1420 438 abun-

72 454 193 496 dauit
231 457 274 496 et
312 455 511 509 querelae
554 455 694 509 plebis
728 455 906 496 excitari
944 455 1091 496 crebro
1138 455 1290 496 solitae
1335 470 1420 497 ces-

73 517 289 555 sauerunt.
351 514 419 555 25.
451 517 553 555 tunc
584 517 632 556 ut
664 514 941 555 securitatem
978 514 1159 567 trepidis
1191 514 1319 555 rebus
1353 515 1421 555 ad-

72 571 206 613 ferret
238 575 281 613 et
313 573 604 614 obedientium
629 573 816 614 nutriret
859 572 1071 625 fiduciam,
1114 572 1422 614 Mamertinum

72 631 338 684 praefectum
375 632 594 685 praetorio
632 647 708 686 per
740 631 964 686 Illyricum
997 631 1241 686 designauit
1274 646 1420 673 consu-

20 703 54 727 111
73 689 171 743 lem,
203 692 245 731 et
265 689 504 744 Neuittam,
537 691 610 745 qui
636 705 770 744 nuper
791 694 838 732 ut
868 690 1054 744 primum
1077 691 1295 744 augendae
1327 691 1422 732 bar-

72 748 244 790 baricae
276 749 461 791 uilitatis
494 753 714 791 auctorem
752 749 1015 790 inmoderate
1053 752 1283 791 notauerat
1315 748 1422 791 Con-

74 808 325 849 stantinum.

196 865 266 909 13.
304 869 338 908 1.
371 867 453 908 His
487 882 535 908 ac
566 868 728 909 talibus
761 867 873 908 inter
906 881 1024 920 spem
1044 870 1291 921 metumque
1311 880 1423 907 noua

72 926 251 979 negotia
290 930 606 979 commouente,
644 925 924 967 Constantius
964 926 1076 979 apud
1106 925 1315 966 Edessam
1356 940 1423 966 ex-

20 997 53 1023 15
72 983 343 1037 ploratorum
381 985 666 1026 relationibus
705 985 838 1026 uariis
872 984 1023 1025 anxius
1062 985 1106 1025 in
1143 984 1331 1025 rationes
1365 983 1423 1024 di-

74 1042 309 1085 ducebatur
354 1044 575 1098 ancipites,
618 1059 728 1085 nunc
774 1044 826 1084 ad
870 1043 1212 1085 concursatorias
1255 1056 1422 1097 pugnas

73 1101 258 1143 militem
303 1105 484 1156 struenS,
527 1118 651 1157 nunc,
696 1103 732 1144 si
771 1102 892 1157 copia
936 1102 1161 1156 patuisset,
1200 1102 1423 1143 obsidione

74 1161 246 1214 gemina
289 1160 513 1203 Bezabden
558 1175 855 1216 aggressurus,
901 1161 1149 1202 consultans
1193 1161 1425 1215 prudenter

72 1233 126 1260 ne
159 1234 259 1261 mox
288 1223 434 1274 partes
466 1221 680 1274 petiturus
714 1223 882 1262 arctoas
915 1220 1204 1274 inprotectum
1229 1218 1425 1273 Mesopo-

21 1292 56 1318 20
75 1279 236 1319 tamiae
268 1279 532 1334 relinqueret
570 1280 696 1321 latus.
758 1280 796 1320 2.
834 1294 983 1320 uerum
1022 1279 1300 1320 consiliorum
1340 1293 1426 1319 am-

73 1337 255 1391 biguum
291 1338 537 1380 retinebant
574 1339 838 1392 multiplices
876 1352 1040 1390 morae,
1076 1337 1276 1379 tardante
1309 1341 1426 1379 trans

75 1395 296 1450 Tigridem
328 1410 429 1451 rege
462 1397 561 1438 dum
593 1398 759 1439 moueri
790 1397 1092 1451 permitterent
1129 1410 1262 1438 sacra.
1323 1411 1427 1438 nam

75 1455 113 1495 si
143 1458 365 1508 permeato
397 1456 572 1498 flumine
603 1457 772 1498 nullum
806 1456 879 1510 qui
916 1456 1140 1497 resisteret
1178 1455 1427 1508 inuenisset,

75 1513 236 1568 absque
274 1514 529 1556 difficultate
566 1518 815 1569 penetrarat
852 1514 1138 1568 Euphratem:
1179 1513 1342 1568 alioqui
1375 1514 1427 1555 ad

22 1586 57 1612 25
77 1572 225 1614 ciuilia
255 1573 372 1614 bella
404 1574 645 1615 custodiens
666 1574 852 1615 militem
883 1573 1067 1615 timebat
1094 1588 1191 1614 eum
1221 1573 1426 1626 periculis

76 1631 292 1673 obiectare
331 1632 696 1687 circummuranis,
739 1633 992 1674 firmitatem
1035 1632 1252 1673 moenium
1290 1632 1426 1673 muni-

76 1691 214 1732 menti
246 1691 602 1746 defensorumque
637 1692 909 1733 alacritatem
941 1694 1154 1745 expertus.

196 1750 234 1791 3.
266 1749 333 1791 Ne
367 1750 606 1804 quiesceret
638 1754 783 1792 tamen
802 1765 910 1792 neue
932 1751 1287 1792 condemnaretur
1319 1750 1429 1791 iner—

78 1809 183 1861 tiae,
219 1808 496 1851 Arbitionem
536 1812 578 1851 et
614 1810 865 1864 Agilonem,
901 1810 1098 1862 pedestris
1130 1809 1428 1863 equestrisque

24 1882 59 1908 30
78 1867 260 1909 militiae
292 1869 524 1923 magistros
558 1883 654 1910 cum
687 1868 932 1923 agminibus
966 1867 1165 1909 maximis
1197 1882 1427 1921 properare

169 2000 189 2030 3
226 1995 373 2030 tertulli
414 1996 520 2040 Pbya
558 1995 701 2038 tertylli
744 1995 779 2029 V
805 1995 889 2029 urbi
918 1994 1100 2038 praefecit
1132 1994 1202 2029 GA
1227 1994 1291 2028 ubi
1322 2005 1428 2038 prae-

82 2040 225 2075 fectum
254 2040 345 2075 VPb
390 2045 412 2073 4
437 2040 583 2074 uulcaci
613 2040 717 2075 VAP
741 2039 911 2074 Vulcacii
930 2039 963 2074 G
989 2039 1133 2073 uulcari
1155 2040 1197 2073 rb
1254 2042 1274 2072 6
1299 2039 1429 2073 crebro

82 2086 187 2129 Pbya
212 2085 366 2130 c<i>bro
391 2085 425 2119 V
491 2089 511 2120 8
528 2085 794 2119 Mamertinum
815 2085 847 2119 G
871 2085 1135 2118 mamertinum
1159 2084 1429 2128 promertinum

86 2130 192 2166 VAP
235 2135 275 2165 13
289 2130 388 2164 inter
401 2141 505 2174 spem
518 2131 661 2164 metum
674 2133 759 2164 ante
782 2132 852 2172 (11)
863 2129 1096 2163 inmoderate
1110 2133 1291 2172 transpos.
1308 2128 1431 2164 Vante

82 2177 157 2221 (13)
172 2186 259 2219 -que
273 2186 373 2209 noua
388 2175 421 2210 G
433 2186 500 2210 om.
514 2176 597 2210 Pba
646 2179 686 2210 15
701 2174 857 2209 anxibus
876 2174 943 2209 VP
999 2178 1040 2209 16
1052 2180 1087 2218 et
1104 2185 1202 2208 nunc
1225 2173 1259 2207 V
1304 2178 1344 2209 18
1361 2173 1431 2208 Be—

83 2221 227 2255 zabden
248 2221 296 2265 ¹by
318 2220 510 2254 besabden
539 2219 607 2255 VP
661 2224 700 2254 21
728 2221 830 2254 trans
853 2219 939 2256 add.
969 2219 1003 2254 G
1027 2229 1094 2255 om.
1119 2219 1222 2254 codd.
1275 2222 1343 2253 *24
1368 2230 1432 2263 pe-

81 2267 250 2301 netrarat
279 2265 383 2300 VGP
406 2266 625 2309 penetraret
647 2266 711 2300 rba
782 2269 825 2299 26
850 2264 1130 2300 circumiuranis
1158 2264 1226 2299 VP
1296 2268 1339 2298 ‘29
1364 2266 1430 2297 Ar-

82 2311 266 2345 bitionem
293 2310 326 2345 G
350 2310 595 2345 Arbetionem
620 2311 656 2344 A
680 2309 924 2344 ambitionem
954 2309 1044 2344 VPb
1114 2309 1298 2354 pedestris
1323 2309 1431 2343 addi-

85 2355 142 2390 dit
171 2355 339 2391 Valesius
384 2360 428 2390 30
452 2356 643 2390 ministros
669 2367 752 2390 cum
782 2355 815 2389 V
814 2355 917 2400 Pbgya
