1614 2549
968 3 1242 12 ’,αὴ-...τῃ
1252 6 1300 12 ,ηψ-
1308 6 1442 14 -ᾼκῇ,
1454 7 1576 16 ma:
1587 10 1607 17 ῃ

429 76 768 113 CONSTANTIVS
792 77 856 112 ET
880 76 1111 113 IVLIANVS
1135 81 1202 113 358
1407 79 1497 121 145

255 172 362 213 Post
404 171 518 212 hunc
561 170 728 211 dicendi
770 170 900 211 finem
939 171 1081 213 contio
1120 172 1260 212 omnis
1304 172 1488 214 alacrior

137 231 286 284 solito,
324 232 450 271 aucta
481 244 554 283 spe
585 229 806 283 potiorum
838 232 881 270 et
912 229 1040 284 lucri,
1078 230 1256 271 uocibus
1288 230 1412 271 festis
1443 231 1490 273 in

137 288 285 330 laudes
316 288 592 342 imperatoris
625 288 860 342 adsurgens
894 288 1102 342 deumque
1134 303 1185 329 ex
1218 304 1296 330 usu
1328 292 1490 331 testata

134 361 223 388 non
257 360 383 401 posse
423 345 727 388 Constantium
765 347 896 400 uinci,
934 347 1124 388 tentoria
1161 348 1318 401 repetit
1361 348 1489 389 laeta.

101 420 118 446 5
137 408 181 447 et
210 405 411 446 reductus
443 405 681 459 imperator
714 405 766 446 ad
796 406 962 459 regiam
983 405 1157 459 otioque
1189 406 1309 447 bidui
1328 421 1490 448 recrea-

135 467 206 505 tus
240 462 446 505 Sirmium
479 478 575 504 cum
613 478 770 517 pompa
801 463 1057 517 triumphali
1087 477 1308 517 regressus
1348 469 1415 507 est
1446 468 1491 507 et

136 522 348 564 militares
379 522 550 563 numeri
580 521 817 563 destinatas
849 525 1098 563 remearunt
1129 522 1262 564 sedes.

259 579 329 622 14.
355 582 391 621 1.
421 580 552 622 Hisce
578 580 715 621 isdem
735 580 885 621 diebus
905 580 1091 634 Prosper
1112 583 1155 622 et
1175 580 1403 635 Spectatus
1430 585 1491 624 at—

137 653 218 693 que
248 639 506 680 Eustathius
545 639 683 694 legati
721 639 774 680 ad
804 638 971 693 Persas7
1008 643 1057 680 ut
1095 654 1225 693 supra
1256 640 1491 696 docuimus,

84 713 118 739 10
136 698 260 739 missi
293 696 578 751 Ctesiphonta
607 712 828 740 reuersum
855 711 1002 752 regem
1023 698 1177 751 adiere,
1208 698 1378 740 litteras
1398 714 1491 753 per-

134 756 322 798 ferentes
360 757 635 810 imperatoris
681 759 723 797 et
760 771 956 810 munera,
999 757 1318 812 poscebantque
1361 758 1490 799 rebus

135 815 318 870 integris
350 829 500 869 pacem
532 818 574 856 et
605 815 907 856 mandatorum
938 830 1150 857 memores
1188 830 1402 871 nusquam
1434 817 1488 858 ab

135 874 327 915 utilitate
358 873 578 915 Romanae
615 874 679 914 rei
711 874 1023 928 maiestateque
1062 874 1349 928 discedebant,
1387 875 1491 916 ami-

137 932 263 974 citiae
295 932 444 973 foedus
478 934 555 974 sub
588 932 669 973 hac
700 932 797 986 lege
818 933 980 973 firmari
1001 933 1154 973 debere
1176 934 1491 988 adseuerantes,

83 1007 117 1032 15
135 1005 189 1032 ne
221 1005 348 1044 super
379 991 591 1033 turbando
624 990 854 1031 Armeniae
893 992 963 1032 uel
995 990 1335 1045 Mesopotamiae
1373 995 1491 1034 statu

0 1071 1 1101 χ
137 1049 365 1104 quicquam
403 1053 662 1091 moueretur.
730 1050 769 1090 2.
807 1049 881 1090 diu·
918 1050 1054 1104 igitur
1090 1050 1153 1091 ibi
1191 1051 1350 1092 morati
1394 1065 1491 1092 cum

0 1107 1 1118 ¹
136 1108 527 1150 obstinatissimum
558 1122 707 1163 regem
737 1108 822 1150 nisi
857 1108 1012 1150 harum
1041 1109 1268 1163 regionum
1300 1109 1491 1151 domim‘o

136 1167 220 1208 sibi
252 1167 496 1208 adiudicata
527 1168 881 1209 obdurescentem
912 1167 964 1208 ad
1003 1168 1319 1221 suscipiendam
1351 1183 1492 1209 cerne-

135 1228 232 1266 rent
268 1240 435 1279 pacem,
473 1227 648 1280 negotio
686 1226 906 1267 redierunt
937 1226 1109 1267 infecto.
1171 1227 1210 1268 3.
1247 1230 1347 1281 post
1378 1227 1492 1281 quod

84 1301 120 1326 20
138 1284 182 1325 id
219 1284 362 1338 ipsum
394 1286 690 1327 condicionum
731 1285 884 1326 robore
922 1285 1017 1339 pari
1056 1285 1315 1339 inpetraturi
1353 1285 1493 1327 Lucil-

137 1343 278 1384 lianus
315 1343 472 1385 missus
506 1347 571 1385 est
606 1358 748 1385 comes
788 1346 830 1384 et
867 1343 1103 1397 Procopius
1142 1347 1245 1385 tunc
1282 1345 1492 1398 notarius,

138 1402 213 1456 qui
242 1405 395 1456 postea
425 1403 537 1444 nodo
570 1403 755 1457 quodam
787 1402 1005 1444 uiolentae
1036 1403 1308 1444 necessitatis
1341 1403 1493 1444 adstri-

137 1463 232 1502 ctus
265 1460 317 1502 ad
348 1475 416 1501 res
449 1461 720 1502 consurrexit
751 1475 900 1502 nouas.

597 1659 845 1702 LIBER
878 1661 1028 1702 XVIII

139 1740 142 1743 '
171 1743 202 1775 1.
229 1739 406 1774 Iulianus
427 1740 463 1774 C.
484 1740 674 1775 Gallorum
689 1751 778 1775 eom-
941 1744 1089 1775 uastata
1130 1741 1165 1774 V
1200 1741 1495 1775 Alamannorum

226 1785 344 1818 modis
374 1786 547 1829 consulit,
582 1790 614 1819 et
646 1786 780 1829 ubique
941 1796 1040 1830 reyes
1070 1786 1120 1820 acl
1146 1797 1272 1829 pacem
1297 1786 1494 1829 petendam

227 1830 272 1863 ab
296 1830 463 1864 omnibus
479 1831 539 1864 ius
555 1831 780 1865 seruandum
943 1835 975 1865 et
1000 1832 1165 1873 captiuos
1182 1831 1386 1865 reddendos
1401 1841 1494 1865 com-

228 1878 344 1908 curat.
940 1876 1057 1919 pellit.

166 1920 202 1953 2.
228 1919 457 1953 castellorum
509 1920 559 1954 ad
611 1920 781 1954 Rhenum
888 1923 919 1954 3.
946 1920 1170 1955 Barbationi
1193 1920 1368 1964 magistro
1388 1919 1496 1962 pedi-

231 1974 323 2007 quae
351 1968 532 2006 receperat
563 1965 705 1998 moenia
729 1976 782 1998 re·
944 1969 1022 1999 tum
1048 1969 1080 1999 et
1103 1966 1215 1999 uxori
1239 1966 1316 1999 eius
1345 1976 1411 1999 cur
1435 1975 1493 1999 ca<

223 2016 355 2051 paral:
413 2008 581 2043 Rhenum
634 2010 781 2050 transit,
939 2011 1026 2054 pita
1064 2010 1221 2044 abscissa
1267 2010 1343 2043 sint
1388 2010 1495 2044 iussu

230 2057 262 2087 et
279 2054 403 2088 hostili
415 2054 665 2089 Alamanniae
674 2057 784 2098 parte
948 2053 1157 2089 Constantii
1179 2055 1277 2098 Auy.

231 2185 250 2214 2
275 2180 370 2215 lueri
394 2182 438 2226 by
468 2181 579 2215 lucris
610 2181 714 2214 VAP
784 2185 802 2215 7
829 2181 875 2215 ad
901 2182 1105 2216 destinatas
1134 2181 1164 2216 C
1198 2181 1245 2216 F.
1275 2180 1331 2215 W.
1356 2181 1496 2215 Muller

140 2230 162 2261 8
196 2225 358 2269 Prosper
389 2228 428 2260 et
459 2226 529 2260 ΘΑ
559 2236 738 2270 prospere
774 2225 843 2259 VP
937 2231 977 2261 10
1001 2227 1236 2271 ctesuphonta
1263 2226 1371 2260 GAP
1406 2228 1494 2260 tesi-

139 2270 247 2305 fonta
275 2270 308 2304 V
351 2271 585 2315 perferentes
604 2271 845 2305 Kellerbauer
868 2275 901 2305 et
916 2271 1093 2317 Eyssenh.
1112 2274 1368 2316 praeferentes
1394 2270 1497 2305 VAP

143 2319 188 2393 1}
208 2327 392 2394 ndisqsszam
416 2316 524 2360 Pbya
548 2326 754 2359 onusquam
783 2315 818 2350 V
910 2321 947 2350 17
975 2316 1139 2351 dominio
1164 2316 1235 2350 sibi
1258 2317 1328 2360 bya
1352 2315 1496 2350 domini

141 2370 163 2393 o
191 2360 222 2393 si
249 2361 262 2393 i
322 2361 358 2396 P

216 2423 394 2450 Aummvs
414 2425 658 2450 Mnucmmmvs.
1240 2422 1280 2451 10
