1614 2549
373 49 709 86 CONSTANTIVS
735 50 796 85 ET
823 49 1015 85 GALLVS
1041 54 1107 86 353
1351 51 1404 94 27

64 145 275 187 inmodice
308 145 600 200 scrutabatur,
638 160 693 187 an
731 145 941 200 quaedam
973 146 1132 187 altiora
1164 146 1413 188 meditantis

64 205 152 246 iam
188 203 307 246 Galli
350 206 514 245 secreta
559 204 826 259 susceperint
864 204 1041 259 scripta,
1087 204 1160 259 qui
1198 205 1413 260 conpertis

64 262 321 304 Antiochiae
353 262 488 317 gestis
520 277 596 317 per
626 263 838 304 minorem
857 263 1108 305 Armeniam
1140 264 1287 318 lapsus
1309 263 1415 305 Con-

65 321 394 376 stantinopolim
425 321 534 376 petit
555 321 789 376 exindeque
813 335 891 375 per
915 325 1181 376 protectores
1202 325 1413 364 retractus

26 390 43 417 5
65 380 282 422 artissime
312 381 551 421 tenebatur.

183 439 251 480 20.
266 438 384 487 Quae
404 438 504 480 dum
523 439 586 480 ita
608 441 843 492 struuntur,
864 438 1099 480 indicatum
1120 442 1184 480 est
1206 440 1317 493 apud
1332 440 1414 495 Ty-

64 512 159 539 rum
184 497 480 538 indumentum
499 497 645 552 regale
678 499 844 538 textum
875 498 1053 550 occulte,
1085 498 1298 539 incertum
1331 513 1413 553 quo

64 555 233 597 locante
270 556 339 596 uel
377 555 496 597 cuius
530 556 677 597 usibus
720 558 989 610 apparatum.
1051 556 1230 610 ideoque
1272 560 1414 598 rector

62 614 309 668 prouinciae
341 617 442 655 tunc
472 617 596 668 pater
624 614 893 669 Apollinaris
927 614 1116 655 eiusdem
1147 615 1334 656 nominis
1366 618 1415 656 ut

27 684 44 710 0
63 673 256 714 conscius
289 673 440 714 ductus
481 677 546 714 est
578 673 738 728 aliique
771 673 1026 728 congregati
1065 676 1164 715 sunt
1197 688 1247 714 ex
1279 674 1415 715 diuer-

64 731 122 772 sis
156 732 406 773 ciuitatibus
439 732 580 786 multi,
614 732 685 787 qui
718 732 929 773 atrocium
962 733 1188 774 criminum
1219 732 1414 786 ponderi-

61 790 142 831 bus
174 791 451 844 urgebantur.

180 849 206 889 2
214 850 233 889 1
241 882 249 890 .
258 849 433 904 Iamque
447 849 568 890 lituis
578 849 765 890 cladium
774 850 1130 903 concrepantibus
1146 849 1413 890 internarum

61 921 149 948 non
187 908 322 949 celate
359 910 407 949 ut
445 910 571 950 antea
607 908 828 949 turbidum
866 908 1089 949 saeuiebat
1127 908 1350 962 ingenium
1390 924 1413 949 a

26 976 42 1002 5
61 966 153 1008 ueri
184 967 526 1008 consideratione
559 967 777 1008 detortum
809 969 851 1007 et
870 966 990 1007 nullo
1024 967 1313 1020 inpositorum
1344 967 1413 1008 uel

62 1025 384 1079 conpositorum
414 1025 541 1066 fidem
573 1025 843 1067 sollemniter
875 1025 1119 1080 inquirente
1150 1040 1228 1066 nee
1260 1026 1414 1066 discer-

60 1086 188 1125 nente
221 1099 246 1125 a
279 1084 483 1126 societate
515 1085 741 1126 noxiorum
774 1085 965 1125 insontes
998 1084 1118 1125 uelut
1138 1084 1415 1125 exturbatum

62 1157 83 1183 e
121 1142 289 1184 iudiciis
332 1143 398 1184 fas
444 1158 569 1184 omne
607 1143 820 1196 discessit,
865 1145 907 1184 et
949 1157 1175 1184 causarum
1215 1143 1414 1197 legitima

62 1202 215 1243 silente
247 1201 493 1243 defensione
526 1201 713 1243 carnifex
745 1202 994 1256 rapinarum
1026 1204 1245 1256 sequester
1277 1204 1319 1242 et
1343 1201 1415 1242 ob-

5 1271 43 1296 20
62 1260 205 1302 ductio
239 1261 429 1314 capitum
462 1263 504 1302 et
540 1261 751 1302 bonorum
783 1260 940 1315 ubique
973 1260 1174 1301 multatio
1214 1260 1415 1301 uersaba-

60 1322 133 1360 tur
162 1334 239 1373 per
259 1319 491 1360 orientales
512 1319 772 1373 prouincias,
805 1333 910 1373 quas
931 1332 1151 1360 recensere
1177 1321 1281 1372 puto
1302 1332 1415 1359 nunc

63 1381 321 1431 oportunum
365 1378 525 1433 absque
563 1377 881 1432 Mesopotamia
925 1377 1113 1431 digesta,
1157 1391 1253 1418 cum
1297 1377 1415 1418 bella

62 1436 267 1478 Parthica
286 1436 541 1490 dicerentur,
574 1439 616 1477 et
636 1435 852 1491 Aegypto,
885 1450 1015 1490 quam
1034 1435 1276 1477 necessario
1298 1435 1416 1476 aliud

61 1494 188 1536 reieci
220 1495 274 1537 ad
305 1497 485 1549 tempus,

8 1562 43 1588 25
182 1552 226 1595 8.
251 1554 287 1595 1.
309 1552 530 1608 Superatis
552 1553 684 1594 Tauri
706 1553 866 1594 montis
887 1553 1120 1594 uerticibus
1143 1553 1216 1606 qui
1237 1552 1290 1593 ad
1311 1552 1415 1592 solis

63 1615 207 1654 ortum
240 1612 466 1653 sublimius
500 1612 773 1665 attolluntur,
805 1610 958 1653 Cilicia
991 1611 1145 1665 spatiis
1177 1610 1417 1664 porrigitur

64 1671 151 1712 late
183 1671 384 1712 distentis
404 1671 524 1712 diues
545 1670 670 1711 bonis
691 1670 891 1711 omnibus
923 1672 1052 1722 terra,
1086 1669 1260 1723 eiusque
1288 1668 1417 1709 lateri

0 1727 1 1777 1
63 1730 213 1771 dextro
246 1729 410 1771 adnexa
442 1728 622 1782 Isauria,
654 1729 750 1783 pari
783 1731 899 1769 sorte
930 1728 1054 1768 uberi
1085 1727 1265 1781 palmite
1297 1727 1418 1781 uiget

0 1787 1 1790 '
66 1791 108 1830 et
138 1788 335 1843 frugibus
369 1788 565 1842 minutis,
597 1802 727 1842 quam
758 1787 944 1828 mediam
975 1786 1227 1840 nauigabile
1259 1785 1419 1826 flumen

0 1857 46 1882 ³³0
66 1846 334 1902 Calycadnus
355 1846 639 1888 interscindit.
670 1846 709 1887 2.
743 1849 785 1887 et
810 1845 922 1886 hanc
950 1845 1122 1899 quidem
1146 1847 1320 1898 praeter
1347 1858 1419 1897 op·

66 1906 166 1960 pida
186 1906 324 1947 multa
344 1906 450 1947 duae
472 1905 670 1946 ciuitates
693 1907 901 1945 exornant
918 1903 1113 1945 Seleucia
1128 1917 1235 1956 opus
1252 1900 1419 1943 Seleuci

66 1965 194 2020 regis,
227 1967 269 2006 et
290 1963 586 2018 Claudiopolis
609 1978 738 2018 quam
769 1962 944 2004 deduxit
976 1962 1193 2003 coloniam
1213 1959 1418 2002 Claudius

67 2022 237 2070 Caesar.
298 2023 450 2064 Isaura
494 2023 608 2063 enim
652 2022 835 2063 a‘ntehac
878 2021 1059 2062 nimium
1100 2022 1273 2074 potens,
1314 2019 1421 2060 olim

158 2154 180 2184 4
215 2160 284 2194 per
318 2151 386 2194 δρα
416 2159 482 2183 om.
519 2148 552 2182 V
643 2152 684 2183 14
721 2158 795 2182 non
826 2147 945 2182 celate
980 2146 1014 2180 G
1056 2146 1271 2181 concelatae
1310 2145 1421 2179 VPba.

70 2199 111 2231 18
134 2194 323 2240 legItimas
350 2194 502 2228 silentes
525 2193 559 2227 V
603 2197 645 2229 23
663 2192 878 2227 dicerentur
897 2191 931 2225 G
956 2191 1041 2237 [lac.
1060 2195 1080 2225 5
1098 2191 1333 2269 littssreiitur
1355 2189 1424 2223 VP

70 2244 114 2274 24
139 2240 223 2285 [lac.
248 2243 269 2274 4
293 2240 380 2285 litu]
416 2238 464 2272 ad
500 2238 567 2273 VP
659 2239 728 2272 *28
760 2237 866 2271 sonte
902 2236 936 2270 V
1024 2236 1131 2286 uiget
1206 2237 1215 2258 ¹
1247 2235 1346 2269 uiret
1376 2233 1409 2266 V
1409 2235 1423 2256 ²

69 2284 173 2330 qua
232 2288 276 2319 29
299 2284 453 2318 minutis
477 2283 609 2326 scripsi
633 2282 728 2326 (coll.
753 2286 807 2324 23,
833 2285 865 2324 6,
889 2283 946 2323 41)
972 2281 1098 2315 multis
1123 2280 1226 2314 codd.
1292 2283 1334 2314 32
1362 2279 1428 2313 de-

73 2329 180 2365 duxit
208 2329 242 2365 G·
267 2329 396 2364 eduxit
425 2327 539 2363 VPba
632 2332 675 2363 33
699 2327 866 2361 nemium
895 2325 963 2360 VP
987 2325 1177 2360 moenium
1203 2325 1244 2370 by
