1614 2549
381 81 717 117 CONSTANTIVS
742 81 803 115 ΕΤ
827 81 1058 116 IVLIANVS
1083 85 1149 118 359
1367 85 1446 127 163

95 178 285 232 fugiunt,
324 179 397 218 aut
429 176 598 217 amissis
631 176 786 230 oculis,
818 190 924 230 quos
956 176 1172 230 unguibus
1205 177 1356 219 crebro
1388 179 1447 220 la-

95 239 288 279 cerantes
321 235 537 289 effodiunt,
568 235 780 276 inmanius
803 235 1075 276 efferascrmt:
1109 235 1221 290 quod
1240 236 1286 277 ni
1310 235 1445 292 fieret,

94 296 317 337 uniuersus
351 294 493 335 oriens
524 294 652 336 huius
684 293 801 335 modi
832 293 984 335 bestiis
1018 294 1266 336 abundaret.

212 354 251 395 6.
287 352 403 394 Dum
441 353 580 407 campi
614 355 869 405 cremantur,
900 355 948 393 ut
979 353 1140 394 dictum
1173 356 1249 407 est,
1280 354 1445 396 tribuni

58 430 74 454 5
94 427 189 454 cum
220 412 541 467 protectoribus
573 411 696 453 missi
728 411 940 453 citerioris
972 412 1092 465 ripae
1111 412 1349 466 Euphratis
1382 428 1446 455 ca—

95 472 224 513 stella
269 474 312 512 et
359 471 603 525 praeacutis
655 470 829 512 sudibus
881 470 1081 524 omnique
1131 471 1446 524 praesidiorum

94 544 249 585 genere
282 531 608 582 conmunibant,
645 530 877 582 tormenta,
917 543 1001 582 qua
1031 543 1119 570 non
1151 532 1244 570 erat
1275 531 1446 585 uoragi-

92 604 256 643 nosum,
289 589 395 630 locis
429 589 651 643 oportunis
685 590 899 642 aptantes.

212 649 249 689 7.
280 648 395 689 Dum
414 647 520 689 haec
541 647 793 700 celerantur,
827 645 1085 688 Sabinianus
1106 647 1219 688 inter
1238 648 1445 701 rapienda

39 725 72 749 ιο
91 709 311 748 momenta
346 707 636 761 periculorum
675 705 965 747 communium
1002 705 1264 747 lectissimus
1303 707 1445 748 mode-

91 768 208 808 rator
244 766 351 807 belli
388 766 659 818 internecini,
697 779 774 818 per
805 765 1025 806 Edessena
1062 765 1290 818 sepulchra
1322 767 1444 820 quasi

91 825 270 866 fundata
301 840 397 866 cum
428 825 609 866 mortuis
641 838 745 878 pace
765 823 876 864 nihil
908 823 1158 877 formidans,
1189 838 1308 865 more
1327 824 1443 866 uitae

91 884 349 925 remissioris
387 884 542 925 fluxius
582 897 713 937 agens
753 882 934 923 militari
976 883 1147 936 pyrrica
1190 883 1442 924 sonantibus

91 943 275 985 modulis
312 958 390 997 pro
429 942 694 984 histrionicis
737 941 930 996 gestibus
976 941 1021 982 in
1064 941 1237 983 silentio
1276 956 1442 983 summo

37 1018 70 1043 15
90 1002 382 1043 delectabatur
403 1002 596 1043 ominoso
619 1016 719 1042 sane
741 1003 783 1042 et
814 1001 984 1053 incepto
1007 1003 1050 1041 et
1081 1000 1191 1054 loco,
1223 1015 1318 1041 cum
1337 1000 1443 1042 haec

90 1063 134 1102 et
164 1060 289 1102 huius
322 1061 438 1102 modi
470 1061 586 1102 factu
611 1060 809 1114 dictuque
842 1059 986 1100 tristia
1019 1059 1202 1110 [futuros
1234 1074 1443 1113 praenun-

89 1120 200 1161 tiant
231 1121 391 1172 motus]
424 1120 564 1161 uitare
598 1119 810 1173 optimum
843 1132 1053 1172 quemque
1085 1118 1239 1159 debere
1278 1119 1439 1160 saeculi

87 1179 389 1233 progressione
427 1179 653 1220 discamus.
722 1178 761 1219 8.
798 1178 962 1218 interea
999 1190 1122 1231 reges
1161 1176 1307 1219 Nisibi
1344 1192 1441 1231 pro-

89 1238 296 1279 stratione
316 1238 395 1279 uili
414 1238 681 1290 transmissa,
714 1236 919 1278 incendiis
941 1236 1061 1277 arida
1078 1236 1441 1279 nutrimentorum

33 1313 68 1339 20
86 1297 296 1338 uarietate
330 1297 638 1349 crescentibus,
676 1296 911 1350 fugitantes
950 1295 1142 1348 inopiam
1178 1295 1329 1348 pabuli
1361 1296 1439 1337 sub

88 1356 299 1397 montium
340 1356 520 1410 pedibus
570 1370 646 1409 per
688 1354 825 1396 ualles
877 1354 1120 1408 gramineas
1172 1354 1439 1395 incedebant.

88 1415 126 1456 9.
159 1429 337 1469 cumque
357 1414 556 1456 Bebasen
586 1414 737 1456 uillam
768 1414 1000 1466 uenissent,
1030 1412 1140 1453 unde
1161 1413 1215 1453 ad
1235 1411 1441 1454 Constan-

86 1474 222 1515 tinam
254 1488 386 1528 usque
419 1474 634 1528 oppidum,
667 1472 779 1528 quod
812 1472 1044 1513 centesimo
1077 1471 1219 1525 lapide
1252 1471 1440 1525 dispara-

87 1536 169 1587 tur,
202 1535 400 1574 arescunt
432 1533 577 1574 omnia
609 1532 682 1574 siti
712 1534 930 1586 perpetua,
961 1531 1045 1571 nisi
1078 1530 1192 1584 quod
1222 1530 1268 1570 in
1297 1531 1438 1585 puteis

34 1607 68 1632 25
88 1606 199 1646 aqua
230 1592 441 1646 reperitur
474 1592 610 1646 exilis,
650 1591 750 1646 quid
784 1592 964 1645 agerent
995 1589 1067 1630 diu
1105 1589 1294 1630 cunctati
1336 1589 1440 1631 iam-

89 1665 168 1704 que
201 1665 376 1692 suorum
396 1651 579 1692 duritiae
605 1651 758 1692 fiducia
779 1649 1016 1702 transituri,
1049 1648 1321 1702 exploratore
1354 1649 1438 1690 fido

88 1709 264 1750 docente
286 1712 550 1764 cognoscunt
568 1709 837 1764 Euphratem
855 1708 1027 1749 niuibus
1059 1707 1287 1748 tabefactis
1321 1708 1440 1748 infla-

86 1772 179 1809 tum
210 1769 298 1810 late
330 1768 436 1810 fusis
457 1769 702 1823 gurgitibus
725 1767 912 1822 euagari,
944 1767 1123 1821 ideoque
1143 1766 1252 1807 uado
1285 1781 1440 1821 nequa-

88 1842 217 1881 quam
258 1842 385 1881 posse
429 1828 617 1869 transiri.
689 1828 753 1868 10.
798 1827 1104 1867 conuertuntur
1147 1838 1252 1879 ergo
1297 1825 1349 1866 ad
1390 1840 1441 1866 ea

33 1902 67 1927 30
88 1901 195 1940 quae
229 1886 525 1940 amplectenda
555 1887 737 1928 fortuita
762 1886 885 1927 daret
917 1884 1096 1937 occasio,
1129 1899 1203 1937 spe
1236 1886 1441 1937 concepta

86 1947 257 1998 praeter
295 1945 540 1999 opinionem
573 1946 752 1998 exclusi,
792 1959 841 1985 ac
878 1943 1098 1997 proposito
1137 1957 1214 1996 pro
1255 1943 1438 1997 abrupto

86 2018 230 2045 rerum
273 2005 564 2058 praesentium
606 2007 720 2045 statu
752 2002 925 2057 urgenti
957 2001 1156 2055 consilio,
1194 2001 1438 2042 Antoninus

177 2153 197 2183 3
233 2150 425 2183 uniuersos
465 2148 499 2182 V
587 2153 634 2183 *5
665 2147 855 2182 ceterioris
896 2146 929 2179 V
961 2146 1065 2190 ripae
1105 2146 1244 2190 Euphr.
1285 2146 1440 2181 castella

85 2194 217 2237 ΜΨ
250 2194 285 2272 ἲ
286 2204 353 2272 125⁸
395 2194 558 2273 3²2⁶?ssssss
580 2193 753 2272 ἕὲῗθὲὲε
788 2191 1034 2272 ἷαέιῗέξθὲῗὲε
1054 2201 1130 2271 (ἰῗῖ)
1157 2192 1194 2226 P
1196 2192 1264 2270 b13
1309 2195 1328 2226 ⁷
1342 2202 1439 2270 ,ff-¹1¹3}

85 2249 160 2317 &11³1
187 2249 263 2318 &55
281 2284 320 2317 et
342 2250 487 2318 iiliuloco
506 2284 643 2328 VPbya
706 2283 725 2304 *
737 2249 788 2318 Ιὲ
794 2282 1042 2327 pronuntiant
1057 2281 1195 2326 VPbya
1235 2248 1379 2315 futluiios
1394 2301 1436 2305 —

89 2331 129 2361 17
154 2329 278 2363 motus
303 2328 439 2363 deleuit
469 2328 636 2363 Valesius
684 2331 725 2362 18
749 2338 817 2372 pro
842 2328 1002 2362 statione
1030 2327 1064 2361 G
1111 2331 1154 2360 22
1179 2325 1436 2360 Constantiam

87 2373 155 2417 baa
202 2375 244 2407 ‘26
270 2372 410 2408 duritia
439 2373 552 2408 VPba
599 2378 641 2408 30
666 2383 731 2417 spe
757 2394 799 2398 ——
824 2377 866 2407 32
892 2371 1045 2407 consilio
1070 2381 1137 2408 om.
1163 2371 1183 2405 b

1154 2429 1224 2463 11*
