1573 2508
109 67 194 108 210
635 64 703 101 xx
727 69 760 110 6,
787 68 888 109 9-7‚
914 68 936 100 s
1200 30 1202 32 V
1405 32 1409 33 ⁷
1439 0 1553 86 ,Ἦ

111 174 208 201 911111
241 160 401 201 auxilio
435 159 627 214 equitum
665 160 765 202 ilico
805 160 860 202 ob
897 161 1169 215 repentinum
1208 162 1370 204 malum
1402 163 1463 205 in-

110 219 338 272 clusorum,
377 218 449 272 qui
488 232 648 272 omnes,
685 221 733 260 ut
771 218 870 273 dixi,
906 219 1064 262 uinctis
1102 220 1299 263 manibus
1341 221 1463 264 duce-

106 277 269 318 bantur
299 276 420 317 nullo
453 276 627 318 iuuante
658 280 916 318 nostrorum.
977 278 1017 319 9.
1035 277 1211 320 Nisibin
1237 280 1351 322 enim
1383 280 1462 322 sub

111 335 297 389 pellibus
331 348 462 389 agens
489 349 588 389 pars
620 335 758 377 maior
790 336 1000 378 exercitus
1033 338 1302 380 custodiebat
1334 339 1464 381 inter-

113 393 228 435 uallo
274 407 479 447 perquam
525 393 656 448 longo
710 394 959 449 discretam,
1016 395 1178 451 alioqui
1229 411 1498 452 numquam5

113 451 276 493 labenti
299 450 508 505 Singarae.
529 453 596 493 uel
629 454 898 506 temporibus
930 454 1083 507 priscis
1105 455 1330 510 quisquam
1349 456 1464 498 ferre

112 510 320 551 auxilium
351 511 494 564 potuit
526 526 732 565 aquarum
763 512 942 566 penuria
975 513 1138 554 eunctis
1167 514 1325 556 circum
1346 529 1465 557 aren-

114 569 231 610 tibus
265 568 384 610 loeis.
447 572 489 610 et
522 569 623 611 11991
655 570 707 611 ad
739 571 1084 624 praesciscendos
1118 571 1320 614 aduersos
1353 573 1464 615 subi-

113 630 267 682 tosque
307 630 447 668 motus
493 628 535 668 id
575 629 886 670 munimentum
919 633 1129 683 oportune
1162 631 1324 673 locauit
1356 632 1465 674 anti·

113 686 266 740 quitas,
304 686 526 739 dispendio
559 690 703 728 tamen
738 686 821 729 fuit
852 688 914 729 rei
945 688 1166 730 Romanae
1198 704 1292 731 cum
1325 690 1463 732 defen·
1484 705 1517 730 ιο

113 758 256 786 sorum
289 745 455 785 iactura
488 745 748 799 aliquotiens
780 746 1078 801 interceptum.

233 802 274 844 7.
312 803 348 844 1.
379 802 537 844 Exciso
576 804 721 858 itaque
755 805 910 858 oppido
945 820 1020 847 rex
1051 805 1227 848 Nisibin
1265 807 1464 861 prudenti

113 861 294 902 consilio
326 861 483 916 uitans,
516 877 680 904 memor
711 863 916 905 nimirum
937 879 1045 919 quae
1077 866 1246 919 saepius
1279 865 1341 906 ibi
1372 880 1464 920 per-

111 920 284 973 tulerat,
317 919 513 961 dextrum
546 921 659 962 latus
692 922 918 964 itineribus
945 923 1055 977 petit
1075 924 1275 979 obliquis,
1307 924 1465 966 Bezab-

114 978 216 1033 den,
262 992 389 1032 quam
435 978 725 1021 Phaenicham
771 995 937 1035 quoque
981 982 1253 1024 institutores
1297 986 1464 1025 ueteres
1484 997 1517 1023 15

117 1036 404 1090 appellarunt,
437 1038 480 1078 ui
512 1038 579 1079 uel
611 1039 922 1092 promissorum
943 1040 1163 1082 dulcedine
1196 1041 1365 1083 inlectis
1398 1042 1464 1084 de-

113 1095 357 1136 fensoribus
391 1098 654 1151 retenturus,
692 1098 1003 1140 munimentum
1042 1099 1241 1153 inpendio
1273 1100 1465 1142 ualidum

117 1154 162 1194 in
195 1154 304 1195 colle
338 1154 610 1196 mediocriter
631 1156 745 1197 edito
779 1156 968 1209 positum
994 1171 1261 1213 uergensque
1292 1159 1337 1200 in
1357 1173 1465 1202 mar-

115 1213 237 1266 gines
271 1212 462 1267 Tigridis
495 1217 635 1268 atque,
668 1214 740 1255 ubi
773 1215 869 1256 loca
900 1219 1099 1270 suspecta
1130 1220 1229 1259 sunt
1256 1221 1299 1259 et
1329 1217 1465 1260 humi-

113 1271 184 1325 lia,
217 1271 376 1324 duplici
409 1286 530 1313 muro
570 1273 793 1327 uallatum,
832 1274 884 1315 ad
918 1275 1035 1316 cuius
1068 1275 1249 1317 tutelam
1287 1279 1375 1318 tres
1408 1277 1518 1319 le-20

112 1330 262 1383 giones
285 1333 384 1370 sunt
404 1330 645 1385 deputatae,
667 1332 848 1373 sec-mida
864 1332 1015 1374 Flauia
1035 1334 1300 1389 secundaque
1316 1335 1464 1377 Arme-

110 1388 235 1429 niaca
250 1391 292 1429 et
307 1388 512 1430 Parthica
528 1389 676 1430 itidem
697 1391 882 1432 secunda
897 1406 990 1432 cum
1007 1392 1246 1447 sagittariis
1267 1394 1463 1447 pluribus

112 1445 378 1501 Zabdicenis,
410 1448 454 1488 in
476 1462 655 1502 quorum
678 1449 770 1490 solo
804 1452 905 1491 111119
925 1450 1049 1491 nobis
1071 1451 1464 1506 obtemperantium

112 1504 193 1546 hoc
227 1508 292 1546 est
323 1506 601 1560 municipium
634 1508 834 1561 positum.

231 1563 270 1604 52.
301 1564 448 1606 Primo
481 1566 616 1619 igitur
648 1567 808 1619 impetu
843 1581 936 1608 cum
970 1569 1141 1621 agmine
1169 1569 1464 1624 cataphracto·
1483 1583 1518 1610 25

115 1635 207 1662 rum
247 1622 506 1674 fulgentium
540 1639 611 1664 rex
653 1625 742 1678 ipse
782 1625 1008 1667 sublimior
1041 1627 1192 1668 ceteris
1225 1632 1465 1671 castrorum

113 1680 322 1721 ambitum
345 1681 680 1723 circumcursans
701 1697 833 1736 prope
856 1684 1094 1739 labra'ipsa
1113 1686 1327 1727 fossarum
1346 1688 1465 1729 uenit

115 1738 353 1793 audentius,
386 1741 631 1795 petitusque
664 1741 936 1784 ballistarum
970 1744 1126 1785 ictibus
1160 1745 1287 1786 certis
1321 1748 1364 1787 et
1402 1761 1465 1787 sa·

206 1904 220 1933 1
249 1900 388 1934 malum
415 1901 481 1944 bya
506 1901 553 1935 ad
583 1901 651 1936 VP
743 1908 763 1937 3
789 1903 941 1939 iuuante
969 1905 1038 1939 GA
1072 1905 1223 1940 uiuente
1255 1907 1291 1940 P
1321 1906 1465 1942 uiuenti

125 1944 175 1977 Vb
268 1949 287 1978 0
312 1945 453 1979 labenti
481 1945 658 1996 Singarae
687 1948 717 1981 (ι’
744 1947 913 1983 labentes
939 1950 975 1983 in
1007 1950 1097 1995 galli
1127 1950 1194 1984 ΓΡ
1225 1950 1394 1986 labentes
1426 1952 1464 1986 111

119 1988 249 2033 Gange
276 1989 318 2023 ba
413 1995 432 2024 9
457 1993 729 2025 munimentum
759 1993 790 2026 G
821 1996 1104 2029 monumentum
1134 1994 1244 2029 VPba
1340 2000 1380 2030 10
1411 1996 1464 2031 rei

112 2043 203 2069 rom.
233 2054 272 2058 —
301 2039 337 2067 11
363 2035 588 2078 aliquotiens
612 2036 699 2071 add.
731 2037 784 2070 V¹¹¹
836 2041 874 2071 14
900 2038 1097 2074 Bezabden
1130 2039 1248 2074 V²(r'A
1272 2040 1465 2075 bezebden

992 2092 1000 2109 l

117 2109 199 2144 V¹P
272 2116 309 2145 15
340 2112 584 2147 Phaenicham
615 2114 644 2147 G
672 2114 889 2149 I'hinicham
908 2117 943 2149 A
969 2117 1155 2152 sanichain
1177 2117 1209 2152 V
1249 2118 1411 2153 hinicam
1428 2119 1465 2154 P

114 2158 154 2188 16
181 2155 216 2188 ui
238 2156 270 2186 (τ’
297 2158 338 2189 111
358 2156 431 2192 Vba
482 2163 520 2192 17
540 2159 808 2194 monimentum
836 2160 868 2194 V
882 2164 1161 2196 monumentum
1179 2163 1216 2197 P
1238 2175 1260 2197 (ι
1311 2167 1351 2198 18
1368 2174 1463 2197 mar-

114 2199 219 2243 gines
248 2201 278 2232 (ι’
306 2203 488 2236 marcenis
520 2203 628 2237 Vm«
732 2209 771 2239 19
797 2207 908 2249 atquc
940 2205 1006 2239 VG
1031 2218 1149 2251 aquae
1174 2207 1256 2242 Pba
1355 2212 1398 2242 20
1423 2209 1465 2242 111

110 2247 186 2278 tres
212 2245 251 2278 in
277 2256 348 2279 ras.
367 2246 412 2279 V²
460 2252 497 2280 21
527 2248 729 2292 deputatae
755 2270 798 2275 —
823 2254 864 2284 ‘23
891 2250 1231 2296 obtemperantium
1259 2253 1297 2286 in
1322 2262 1394 2287 ras.
1418 2251 1465 2286 V*

111 2291 154 2322 22
179 2287 353 2324 Parthica
378 2291 504 2324 itidem
547 2293 578 2324 (ι’
612 2294 799 2337 parthicas
825 2295 934 2329 fidem
969 2295 1035 2330 VP
1127 2301 1168 2331 ‘28
1193 2297 1328 2331 ictibus
1353 2297 1465 2331 certis

110 2333 177 2377 byn
204 2334 348 2368 actibus
373 2335 482 2369 cretis
516 2336 580 2370 VI’

1551 2470 1559 2506 -a
