<?xml version="1.0" encoding="UTF-8"?>
<!DOCTYPE html PUBLIC "-//W3C//DTD XHTML 1.0 Transitional//EN"
    "http://www.w3.org/TR/xhtml1/DTD/xhtml1-transitional.dtd">
<html xmlns="http://www.w3.org/1999/xhtml" xml:lang="en" lang="en">
 <head>
  <title>
</title>
<meta http-equiv="Content-Type" content="text/html;charset=utf-8" />
  <meta name='ocr-system' content='tesseract 3.04.00' />
  <meta name='ocr-capabilities' content='ocr_page ocr_carea ocr_par ocr_line ocrx_word'/>
</head>
<body>
  <div class='ocr_page' id='page_1' title='image "./rerumgestarumlib01ammiuoft_0333.png"; bbox 0 0 1614 2549; ppageno 0'>
   <div class='ocr_carea' id='block_1_1' title="bbox 15 697 48 721">
    <p class='ocr_par' dir='ltr' id='par_1_1' title="bbox 15 697 48 721">
     <span class='ocr_line' id='line_1_1' title="bbox 15 697 48 721; baseline -0.03 0"><span class='ocrx_word' id='word_1_1' title='bbox 15 697 48 721; x_wconf 80' lang='lat'>10</span> 
     </span>
    </p>
   </div>
   <div class='ocr_carea' id='block_1_2' title="bbox 15 1284 49 1309">
    <p class='ocr_par' dir='ltr' id='par_1_2' title="bbox 15 1284 49 1309">
     <span class='ocr_line' id='line_1_2' title="bbox 15 1284 49 1309; baseline 0 0"><span class='ocrx_word' id='word_1_2' title='bbox 15 1284 49 1309; x_wconf 80' lang='lat'>20</span> 
     </span>
    </p>
   </div>
   <div class='ocr_carea' id='block_1_3' title="bbox 17 1872 51 1898">
    <p class='ocr_par' dir='ltr' id='par_1_3' title="bbox 17 1872 51 1898">
     <span class='ocr_line' id='line_1_3' title="bbox 17 1872 51 1898; baseline 0 0"><span class='ocrx_word' id='word_1_3' title='bbox 17 1872 51 1898; x_wconf 87' lang='lat'>30</span> 
     </span>
    </p>
   </div>
   <div class='ocr_carea' id='block_1_4' title="bbox 327 37 1419 90">
    <p class='ocr_par' dir='ltr' id='par_1_4' title="bbox 327 37 1419 90">
     <span class='ocr_line' id='line_1_4' title="bbox 327 37 1419 90; baseline -0.006 -3"><span class='ocrx_word' id='word_1_4' title='bbox 327 37 332 41; x_wconf 31' lang='grc' dir='ltr'>Ι</span> <span class='ocrx_word' id='word_1_5' title='bbox 363 48 701 87; x_wconf 86' lang='lat' dir='ltr'>CONSTANTIVS</span> <span class='ocrx_word' id='word_1_6' title='bbox 725 48 787 83; x_wconf 83' lang='lat' dir='ltr'>ET</span> <span class='ocrx_word' id='word_1_7' title='bbox 810 46 1042 83; x_wconf 86' lang='lat' dir='ltr'>IVLIANVS</span> <span class='ocrx_word' id='word_1_8' title='bbox 1067 50 1131 83; x_wconf 81' lang='lat'>361</span> <span class='ocrx_word' id='word_1_9' title='bbox 1335 47 1419 90; x_wconf 81' lang='lat'>255</span> 
     </span>
    </p>
   </div>
   <div class='ocr_carea' id='block_1_5' title="bbox 67 141 1422 962">
    <p class='ocr_par' dir='ltr' id='par_1_5' title="bbox 68 141 1420 374">
     <span class='ocr_line' id='line_1_5' title="bbox 69 141 1416 198; baseline -0.004 -11"><span class='ocrx_word' id='word_1_10' title='bbox 69 160 165 188; x_wconf 86' lang='lat' dir='ltr'>cum</span> <span class='ocrx_word' id='word_1_11' title='bbox 186 145 303 187; x_wconf 91' lang='lat' dir='ltr'>omni</span> <span class='ocrx_word' id='word_1_12' title='bbox 333 159 476 198; x_wconf 84' lang='lat' dir='ltr'>manu,</span> <span class='ocrx_word' id='word_1_13' title='bbox 495 158 625 198; x_wconf 92' lang='lat' dir='ltr'>quam</span> <span class='ocrx_word' id='word_1_14' title='bbox 657 143 850 197; x_wconf 79' lang='lat' dir='ltr'>duxerat,</span> <span class='ocrx_word' id='word_1_15' title='bbox 882 142 934 184; x_wconf 87' lang='lat' dir='ltr'>ad</span> <span class='ocrx_word' id='word_1_16' title='bbox 964 141 1141 197; x_wconf 88' lang='lat' dir='ltr'>propria</span> <span class='ocrx_word' id='word_1_17' title='bbox 1171 141 1416 195; x_wconf 83' lang='lat' dir='ltr'>reuertisse,</span> 
     </span>
     <span class='ocr_line' id='line_1_6' title="bbox 68 199 1418 259; baseline -0.006 -12"><span class='ocrx_word' id='word_1_18' title='bbox 68 204 270 259; x_wconf 84' lang='lat' dir='ltr'>auspiciis</span> <span class='ocrx_word' id='word_1_19' title='bbox 302 203 616 257; x_wconf 73' lang='lat' dir='ltr'>dirimentibus,</span> <span class='ocrx_word' id='word_1_20' title='bbox 647 202 866 256; x_wconf 75' lang='lat' dir='ltr'>lenitoque</span> <span class='ocrx_word' id='word_1_21' title='bbox 886 205 1016 256; x_wconf 90' lang='lat' dir='ltr'>metu,</span> <span class='ocrx_word' id='word_1_22' title='bbox 1046 199 1263 242; x_wconf 84' lang='lat' dir='ltr'>reuocatis</span> <span class='ocrx_word' id='word_1_23' title='bbox 1285 199 1418 240; x_wconf 83' lang='lat' dir='ltr'>omni-</span> 
     </span>
     <span class='ocr_line' id='line_1_7' title="bbox 68 258 1420 318; baseline -0.004 -13"><span class='ocrx_word' id='word_1_24' title='bbox 68 263 148 305; x_wconf 87' lang='lat' dir='ltr'>bus</span> <span class='ocrx_word' id='word_1_25' title='bbox 179 265 350 318; x_wconf 89' lang='lat' dir='ltr'>praeter</span> <span class='ocrx_word' id='word_1_26' title='bbox 382 276 468 315; x_wconf 89' lang='lat' dir='ltr'>eos,</span> <span class='ocrx_word' id='word_1_27' title='bbox 500 276 604 316; x_wconf 89' lang='lat' dir='ltr'>quos</span> <span class='ocrx_word' id='word_1_28' title='bbox 639 260 900 303; x_wconf 72' lang='lat' dir='ltr'>consuetudo</span> <span class='ocrx_word' id='word_1_29' title='bbox 931 259 1146 314; x_wconf 88' lang='lat' dir='ltr'>praesidio</span> <span class='ocrx_word' id='word_1_30' title='bbox 1178 258 1420 313; x_wconf 88' lang='lat' dir='ltr'>Mesopota-</span> 
     </span>
     <span class='ocr_line' id='line_1_8' title="bbox 68 319 1105 374; baseline -0.005 -10"><span class='ocrx_word' id='word_1_31' title='bbox 68 322 180 364; x_wconf 84' lang='lat' dir='ltr'>miae</span> <span class='ocrx_word' id='word_1_32' title='bbox 212 321 461 374; x_wconf 87' lang='lat' dir='ltr'>destinarat,</span> <span class='ocrx_word' id='word_1_33' title='bbox 492 334 691 362; x_wconf 87' lang='lat' dir='ltr'>reuersus</span> <span class='ocrx_word' id='word_1_34' title='bbox 724 322 790 361; x_wconf 91' lang='lat' dir='ltr'>est</span> <span class='ocrx_word' id='word_1_35' title='bbox 820 319 1105 373; x_wconf 84' lang='lat' dir='ltr'>Hierapolim.</span> 
     </span>
    </p>

    <p class='ocr_par' dir='ltr' id='par_1_6' title="bbox 67 375 1422 834">
     <span class='ocr_line' id='line_1_9' title="bbox 188 375 1420 434; baseline -0.005 -12"><span class='ocrx_word' id='word_1_36' title='bbox 188 380 227 422; x_wconf 84' lang='lat'>9.</span> <span class='ocrx_word' id='word_1_37' title='bbox 272 379 449 422; x_wconf 82' lang='lat' dir='ltr'>Summa</span> <span class='ocrx_word' id='word_1_38' title='bbox 492 379 637 434; x_wconf 91' lang='lat' dir='ltr'>itaque</span> <span class='ocrx_word' id='word_1_39' title='bbox 682 381 930 432; x_wconf 86' lang='lat' dir='ltr'>coeptorum</span> <span class='ocrx_word' id='word_1_40' title='bbox 970 391 1176 432; x_wconf 83' lang='lat' dir='ltr'>quorsum</span> <span class='ocrx_word' id='word_1_41' title='bbox 1220 375 1420 417; x_wconf 89' lang='lat' dir='ltr'>euaderet</span> 
     </span>
     <span class='ocr_line' id='line_1_10' title="bbox 69 435 1419 494; baseline -0.004 -14"><span class='ocrx_word' id='word_1_42' title='bbox 69 439 307 494; x_wconf 89' lang='lat' dir='ltr'>ambigens,</span> <span class='ocrx_word' id='word_1_43' title='bbox 340 452 436 480; x_wconf 88' lang='lat' dir='ltr'>cum</span> <span class='ocrx_word' id='word_1_44' title='bbox 466 439 512 479; x_wconf 90' lang='lat' dir='ltr'>in</span> <span class='ocrx_word' id='word_1_45' title='bbox 542 453 673 479; x_wconf 84' lang='lat' dir='ltr'>unum</span> <span class='ocrx_word' id='word_1_46' title='bbox 706 437 917 478; x_wconf 81' lang='lat' dir='ltr'>exercitus</span> <span class='ocrx_word' id='word_1_47' title='bbox 951 435 1234 488; x_wconf 87' lang='lat' dir='ltr'>conuenisset,</span> <span class='ocrx_word' id='word_1_48' title='bbox 1272 448 1419 476; x_wconf 90' lang='lat' dir='ltr'>omnes</span> 
     </span>
     <span class='ocr_line' id='line_1_11' title="bbox 69 493 1420 550; baseline -0.005 -10"><span class='ocrx_word' id='word_1_49' title='bbox 69 498 283 540; x_wconf 85' lang='lat' dir='ltr'>centurias</span> <span class='ocrx_word' id='word_1_50' title='bbox 317 500 359 538; x_wconf 89' lang='lat' dir='ltr'>et</span> <span class='ocrx_word' id='word_1_51' title='bbox 390 497 633 550; x_wconf 89' lang='lat' dir='ltr'>manipulos</span> <span class='ocrx_word' id='word_1_52' title='bbox 673 498 715 537; x_wconf 91' lang='lat' dir='ltr'>et</span> <span class='ocrx_word' id='word_1_53' title='bbox 748 495 944 537; x_wconf 82' lang='lat' dir='ltr'>cohortes</span> <span class='ocrx_word' id='word_1_54' title='bbox 986 495 1031 535; x_wconf 85' lang='lat' dir='ltr'>in</span> <span class='ocrx_word' id='word_1_55' title='bbox 1069 493 1312 535; x_wconf 89' lang='lat' dir='ltr'>contionem</span> <span class='ocrx_word' id='word_1_56' title='bbox 1349 508 1420 534; x_wconf 90' lang='lat' dir='ltr'>uo-</span> 
     </span>
     <span class='ocr_line' id='line_1_12' title="bbox 69 551 1419 611; baseline -0.004 -13"><span class='ocrx_word' id='word_1_57' title='bbox 69 557 208 611; x_wconf 85' lang='lat' dir='ltr'>cauit,</span> <span class='ocrx_word' id='word_1_58' title='bbox 265 555 588 598; x_wconf 81' lang='lat' dir='ltr'>concinentibus</span> <span class='ocrx_word' id='word_1_59' title='bbox 638 555 754 596; x_wconf 89' lang='lat' dir='ltr'>tubis</span> <span class='ocrx_word' id='word_1_60' title='bbox 811 554 1069 609; x_wconf 84' lang='lat' dir='ltr'>oppletoque</span> <span class='ocrx_word' id='word_1_61' title='bbox 1125 551 1419 594; x_wconf 87' lang='lat' dir='ltr'>multitudinis</span> 
     </span>
     <span class='ocr_line' id='line_1_13' title="bbox 69 611 1421 670; baseline -0.005 -12"><span class='ocrx_word' id='word_1_62' title='bbox 69 630 233 670; x_wconf 89' lang='lat' dir='ltr'>campo,</span> <span class='ocrx_word' id='word_1_63' title='bbox 269 618 318 656; x_wconf 88' lang='lat' dir='ltr'>ut</span> <span class='ocrx_word' id='word_1_64' title='bbox 349 629 444 656; x_wconf 89' lang='lat' dir='ltr'>eam</span> <span class='ocrx_word' id='word_1_65' title='bbox 476 614 530 655; x_wconf 91' lang='lat' dir='ltr'>ad</span> <span class='ocrx_word' id='word_1_66' title='bbox 561 614 771 655; x_wconf 88' lang='lat' dir='ltr'>firmanda</span> <span class='ocrx_word' id='word_1_67' title='bbox 801 613 1042 667; x_wconf 85' lang='lat' dir='ltr'>promptius</span> <span class='ocrx_word' id='word_1_68' title='bbox 1076 611 1269 666; x_wconf 81' lang='lat' dir='ltr'>adigeret</span> <span class='ocrx_word' id='word_1_69' title='bbox 1305 611 1421 665; x_wconf 87' lang='lat' dir='ltr'>inpe-</span> 
     </span>
     <span class='ocr_line' id='line_1_14' title="bbox 68 669 1421 728; baseline -0.005 -12"><span class='ocrx_word' id='word_1_70' title='bbox 68 675 214 728; x_wconf 87' lang='lat' dir='ltr'>randa,</span> <span class='ocrx_word' id='word_1_71' title='bbox 246 674 456 715; x_wconf 87' lang='lat' dir='ltr'>tribunali</span> <span class='ocrx_word' id='word_1_72' title='bbox 477 673 589 714; x_wconf 90' lang='lat' dir='ltr'>celso</span> <span class='ocrx_word' id='word_1_73' title='bbox 612 673 782 726; x_wconf 87' lang='lat' dir='ltr'>sistens,</span> <span class='ocrx_word' id='word_1_74' title='bbox 814 672 1061 726; x_wconf 88' lang='lat' dir='ltr'>stipatoque</span> <span class='ocrx_word' id='word_1_75' title='bbox 1082 670 1213 712; x_wconf 86' lang='lat' dir='ltr'>solito</span> <span class='ocrx_word' id='word_1_76' title='bbox 1235 669 1421 724; x_wconf 82' lang='lat' dir='ltr'>densius,</span> 
     </span>
     <span class='ocr_line' id='line_1_15' title="bbox 67 728 1422 788; baseline -0.004 -13"><span class='ocrx_word' id='word_1_77' title='bbox 67 731 174 775; x_wconf 89' lang='lat' dir='ltr'>haec</span> <span class='ocrx_word' id='word_1_78' title='bbox 205 736 458 788; x_wconf 89' lang='lat' dir='ltr'>prosecutus</span> <span class='ocrx_word' id='word_1_79' title='bbox 493 735 558 773; x_wconf 88' lang='lat' dir='ltr'>est</span> <span class='ocrx_word' id='word_1_80' title='bbox 591 732 644 772; x_wconf 86' lang='lat' dir='ltr'>ad</span> <span class='ocrx_word' id='word_1_81' title='bbox 677 731 923 773; x_wconf 84' lang='lat' dir='ltr'>serenitatis</span> <span class='ocrx_word' id='word_1_82' title='bbox 957 730 1143 785; x_wconf 85' lang='lat' dir='ltr'>speciem</span> <span class='ocrx_word' id='word_1_83' title='bbox 1174 733 1212 770; x_wconf 76' lang='lat' dir='ltr'>ct</span> <span class='ocrx_word' id='word_1_84' title='bbox 1242 728 1422 770; x_wconf 88' lang='lat' dir='ltr'>fiduciae</span> 
     </span>
     <span class='ocr_line' id='line_1_16' title="bbox 67 792 431 834; baseline -0.005 0"><span class='ocrx_word' id='word_1_85' title='bbox 67 793 193 834; x_wconf 89' lang='lat' dir='ltr'>uultu</span> <span class='ocrx_word' id='word_1_86' title='bbox 224 792 431 833; x_wconf 87' lang='lat' dir='ltr'>formato:</span> 
     </span>
    </p>

    <p class='ocr_par' dir='ltr' id='par_1_7' title="bbox 70 845 1422 962">
     <span class='ocr_line' id='line_1_17' title="bbox 190 845 1420 903; baseline -0.006 -11"><span class='ocrx_word' id='word_1_87' title='bbox 190 851 257 893; x_wconf 87' lang='lat'>10.</span> <span class='ocrx_word' id='word_1_88' title='bbox 288 849 526 892; x_wconf 76' lang='lat' dir='ltr'>‘Sollicitus</span> <span class='ocrx_word' id='word_1_89' title='bbox 571 863 738 903; x_wconf 85' lang='lat' dir='ltr'>semper</span> <span class='ocrx_word' id='word_1_90' title='bbox 775 848 933 903; x_wconf 87' lang='lat' dir='ltr'>nequid</span> <span class='ocrx_word' id='word_1_91' title='bbox 972 862 1017 888; x_wconf 90' lang='lat' dir='ltr'>re</span> <span class='ocrx_word' id='word_1_92' title='bbox 1061 847 1148 888; x_wconf 89' lang='lat' dir='ltr'>leui</span> <span class='ocrx_word' id='word_1_93' title='bbox 1186 846 1256 887; x_wconf 90' lang='lat' dir='ltr'>uel</span> <span class='ocrx_word' id='word_1_94' title='bbox 1287 845 1420 887; x_wconf 86' lang='lat' dir='ltr'>uerbo</span> 
     </span>
     <span class='ocr_line' id='line_1_18' title="bbox 70 905 1422 962; baseline -0.006 -10"><span class='ocrx_word' id='word_1_95' title='bbox 70 911 325 952; x_wconf 87' lang='lat' dir='ltr'>conmittam</span> <span class='ocrx_word' id='word_1_96' title='bbox 357 909 601 962; x_wconf 81' lang='lat' dir='ltr'>inculpatae</span> <span class='ocrx_word' id='word_1_97' title='bbox 632 923 786 962; x_wconf 81' lang='lat' dir='ltr'>parum</span> <span class='ocrx_word' id='word_1_98' title='bbox 819 921 1057 962; x_wconf 82' lang='lat' dir='ltr'>congruens</span> <span class='ocrx_word' id='word_1_99' title='bbox 1089 905 1320 958; x_wconf 83' lang='lat' dir='ltr'>honestati,</span> <span class='ocrx_word' id='word_1_100' title='bbox 1358 906 1422 946; x_wconf 87' lang='lat' dir='ltr'>ut-</span> 
     </span>
    </p>
   </div>
   <div class='ocr_carea' id='block_1_6' title="bbox 33 963 1422 1023">
    <p class='ocr_par' dir='ltr' id='par_1_8' title="bbox 33 963 1422 1023">
     <span class='ocr_line' id='line_1_19' title="bbox 33 963 1422 1023; baseline -0.006 -11"><span class='ocrx_word' id='word_1_101' title='bbox 33 989 48 1014; x_wconf 86' lang='lat'>5</span> <span class='ocrx_word' id='word_1_102' title='bbox 69 984 149 1023; x_wconf 88' lang='lat' dir='ltr'>que</span> <span class='ocrx_word' id='word_1_103' title='bbox 188 971 337 1010; x_wconf 89' lang='lat' dir='ltr'>cautus</span> <span class='ocrx_word' id='word_1_104' title='bbox 376 967 612 1022; x_wconf 86' lang='lat' dir='ltr'>nauigandi</span> <span class='ocrx_word' id='word_1_105' title='bbox 650 967 858 1021; x_wconf 90' lang='lat' dir='ltr'>magister</span> <span class='ocrx_word' id='word_1_106' title='bbox 902 966 1047 1007; x_wconf 88' lang='lat' dir='ltr'>clauos</span> <span class='ocrx_word' id='word_1_107' title='bbox 1091 978 1170 1018; x_wconf 85' lang='lat' dir='ltr'>pro</span> <span class='ocrx_word' id='word_1_108' title='bbox 1215 963 1422 1004; x_wconf 88' lang='lat' dir='ltr'>fluctuum</span> 
     </span>
    </p>
   </div>
   <div class='ocr_carea' id='block_1_7' title="bbox 67 1021 1424 1554">
    <p class='ocr_par' dir='ltr' id='par_1_9' title="bbox 67 1021 1424 1377">
     <span class='ocr_line' id='line_1_20' title="bbox 68 1021 1422 1081; baseline -0.006 -11"><span class='ocrx_word' id='word_1_109' title='bbox 68 1028 259 1071; x_wconf 89' lang='lat' dir='ltr'>motibus</span> <span class='ocrx_word' id='word_1_110' title='bbox 305 1027 474 1081; x_wconf 88' lang='lat' dir='ltr'>erigens</span> <span class='ocrx_word' id='word_1_111' title='bbox 518 1026 589 1067; x_wconf 94' lang='lat' dir='ltr'>uel</span> <span class='ocrx_word' id='word_1_112' title='bbox 633 1025 857 1079; x_wconf 86' lang='lat' dir='ltr'>inclinans,</span> <span class='ocrx_word' id='word_1_113' title='bbox 903 1024 1124 1078; x_wconf 85' lang='lat' dir='ltr'>conpellor</span> <span class='ocrx_word' id='word_1_114' title='bbox 1160 1037 1272 1063; x_wconf 88' lang='lat' dir='ltr'>nunc</span> <span class='ocrx_word' id='word_1_115' title='bbox 1310 1021 1422 1075; x_wconf 87' lang='lat' dir='ltr'>apud</span> 
     </span>
     <span class='ocr_line' id='line_1_21' title="bbox 68 1081 1423 1141; baseline -0.007 -12"><span class='ocrx_word' id='word_1_116' title='bbox 68 1102 156 1141; x_wconf 88' lang='lat' dir='ltr'>uos,</span> <span class='ocrx_word' id='word_1_117' title='bbox 190 1086 478 1128; x_wconf 85' lang='lat' dir='ltr'>amantissimi</span> <span class='ocrx_word' id='word_1_118' title='bbox 509 1085 605 1139; x_wconf 87' lang='lat' dir='ltr'>uiri,</span> <span class='ocrx_word' id='word_1_119' title='bbox 638 1085 833 1126; x_wconf 88' lang='lat' dir='ltr'>confiteri</span> <span class='ocrx_word' id='word_1_120' title='bbox 854 1098 972 1125; x_wconf 91' lang='lat' dir='ltr'>meos</span> <span class='ocrx_word' id='word_1_121' title='bbox 1006 1096 1184 1135; x_wconf 87' lang='lat' dir='ltr'>errores,</span> <span class='ocrx_word' id='word_1_122' title='bbox 1216 1081 1319 1135; x_wconf 89' lang='lat' dir='ltr'>quin</span> <span class='ocrx_word' id='word_1_123' title='bbox 1349 1094 1423 1134; x_wconf 88' lang='lat' dir='ltr'>po-</span> 
     </span>
     <span class='ocr_line' id='line_1_22' title="bbox 67 1138 1420 1201; baseline -0.006 -14"><span class='ocrx_word' id='word_1_124' title='bbox 67 1147 168 1201; x_wconf 90' lang='lat' dir='ltr'>tius,</span> <span class='ocrx_word' id='word_1_125' title='bbox 201 1146 237 1186; x_wconf 86' lang='lat' dir='ltr'>si</span> <span class='ocrx_word' id='word_1_126' title='bbox 269 1145 352 1186; x_wconf 88' lang='lat' dir='ltr'>dici</span> <span class='ocrx_word' id='word_1_127' title='bbox 377 1144 508 1186; x_wconf 86' lang='lat' dir='ltr'>liceat</span> <span class='ocrx_word' id='word_1_128' title='bbox 539 1158 701 1197; x_wconf 90' lang='lat' dir='ltr'>uerum,</span> <span class='ocrx_word' id='word_1_129' title='bbox 732 1143 1062 1196; x_wconf 78' lang='lat' dir='ltr'>humanitatem,</span> <span class='ocrx_word' id='word_1_130' title='bbox 1099 1155 1227 1195; x_wconf 88' lang='lat' dir='ltr'>quam</span> <span class='ocrx_word' id='word_1_131' title='bbox 1261 1138 1420 1181; x_wconf 90' lang='lat' dir='ltr'>credidi</span> 
     </span>
     <span class='ocr_line' id='line_1_23' title="bbox 67 1197 1420 1260; baseline -0.006 -14"><span class='ocrx_word' id='word_1_132' title='bbox 67 1205 256 1260; x_wconf 89' lang='lat' dir='ltr'>negotiis</span> <span class='ocrx_word' id='word_1_133' title='bbox 284 1203 581 1245; x_wconf 86' lang='lat' dir='ltr'>communibus</span> <span class='ocrx_word' id='word_1_134' title='bbox 608 1202 894 1256; x_wconf 84' lang='lat' dir='ltr'>profuturam.</span> <span class='ocrx_word' id='word_1_135' title='bbox 955 1200 1134 1255; x_wconf 86' lang='lat' dir='ltr'>proinde</span> <span class='ocrx_word' id='word_1_136' title='bbox 1153 1202 1202 1240; x_wconf 93' lang='lat' dir='ltr'>ut</span> <span class='ocrx_word' id='word_1_137' title='bbox 1229 1198 1329 1240; x_wconf 88' lang='lat' dir='ltr'>sciri</span> <span class='ocrx_word' id='word_1_138' title='bbox 1360 1197 1420 1239; x_wconf 85' lang='lat' dir='ltr'>fa-</span> 
     </span>
     <span class='ocr_line' id='line_1_24' title="bbox 70 1257 1424 1318; baseline -0.007 -12"><span class='ocrx_word' id='word_1_139' title='bbox 70 1264 194 1306; x_wconf 88' lang='lat' dir='ltr'>cilius</span> <span class='ocrx_word' id='word_1_140' title='bbox 214 1263 366 1318; x_wconf 85' lang='lat' dir='ltr'>possit,</span> <span class='ocrx_word' id='word_1_141' title='bbox 388 1277 494 1317; x_wconf 90' lang='lat' dir='ltr'>quae</span> <span class='ocrx_word' id='word_1_142' title='bbox 516 1262 573 1304; x_wconf 91' lang='lat' dir='ltr'>sit</span> <span class='ocrx_word' id='word_1_143' title='bbox 604 1261 732 1303; x_wconf 88' lang='lat' dir='ltr'>huius</span> <span class='ocrx_word' id='word_1_144' title='bbox 754 1260 925 1303; x_wconf 90' lang='lat' dir='ltr'>concilii</span> <span class='ocrx_word' id='word_1_145' title='bbox 946 1258 1208 1301; x_wconf 85' lang='lat' dir='ltr'>conuocandi</span> <span class='ocrx_word' id='word_1_146' title='bbox 1228 1257 1424 1311; x_wconf 85' lang='lat' dir='ltr'>materia,</span> 
     </span>
     <span class='ocr_line' id='line_1_25' title="bbox 71 1318 1150 1377; baseline -0.006 -12"><span class='ocrx_word' id='word_1_147' title='bbox 71 1323 252 1377; x_wconf 86' lang='lat' dir='ltr'>accipite</span> <span class='ocrx_word' id='word_1_148' title='bbox 286 1336 444 1376; x_wconf 85' lang='lat' dir='ltr'>quaeso</span> <span class='ocrx_word' id='word_1_149' title='bbox 479 1321 625 1376; x_wconf 91' lang='lat' dir='ltr'>aequis</span> <span class='ocrx_word' id='word_1_150' title='bbox 659 1320 834 1362; x_wconf 89' lang='lat' dir='ltr'>auribus</span> <span class='ocrx_word' id='word_1_151' title='bbox 867 1323 910 1361; x_wconf 85' lang='lat' dir='ltr'>et</span> <span class='ocrx_word' id='word_1_152' title='bbox 942 1318 1150 1360; x_wconf 85' lang='lat' dir='ltr'>secundis.</span> 
     </span>
    </p>

    <p class='ocr_par' dir='ltr' id='par_1_10' title="bbox 68 1379 1424 1554">
     <span class='ocr_line' id='line_1_26' title="bbox 191 1379 1424 1434; baseline -0.006 -12"><span class='ocrx_word' id='word_1_153' title='bbox 191 1382 258 1423; x_wconf 89' lang='lat'>11.</span> <span class='ocrx_word' id='word_1_154' title='bbox 290 1380 464 1422; x_wconf 84' lang='lat' dir='ltr'>Gallum</span> <span class='ocrx_word' id='word_1_155' title='bbox 502 1379 744 1434; x_wconf 83' lang='lat' dir='ltr'>patruelem</span> <span class='ocrx_word' id='word_1_156' title='bbox 782 1393 926 1420; x_wconf 87' lang='lat' dir='ltr'>meum</span> <span class='ocrx_word' id='word_1_157' title='bbox 964 1381 1171 1431; x_wconf 86' lang='lat' dir='ltr'>tempore,</span> <span class='ocrx_word' id='word_1_158' title='bbox 1209 1389 1292 1430; x_wconf 86' lang='lat' dir='ltr'>quo</span> <span class='ocrx_word' id='word_1_159' title='bbox 1325 1388 1424 1416; x_wconf 90' lang='lat' dir='ltr'>con·</span> 
     </span>
     <span class='ocr_line' id='line_1_27' title="bbox 68 1433 1423 1493; baseline -0.006 -11"><span class='ocrx_word' id='word_1_160' title='bbox 68 1440 295 1483; x_wconf 88' lang='lat' dir='ltr'>fundendis</span> <span class='ocrx_word' id='word_1_161' title='bbox 338 1440 467 1481; x_wconf 89' lang='lat' dir='ltr'>rebus</span> <span class='ocrx_word' id='word_1_162' title='bbox 510 1438 791 1493; x_wconf 86' lang='lat' dir='ltr'>pertinaciter</span> <span class='ocrx_word' id='word_1_163' title='bbox 833 1437 1111 1492; x_wconf 81' lang='lat' dir='ltr'>Magnentius</span> <span class='ocrx_word' id='word_1_164' title='bbox 1158 1433 1423 1488; x_wconf 85' lang='lat' dir='ltr'>inhaerebat,</span> 
     </span>
     <span class='ocr_line' id='line_1_28' title="bbox 70 1492 1424 1554; baseline -0.007 -13"><span class='ocrx_word' id='word_1_165' title='bbox 70 1514 197 1554; x_wconf 91' lang='lat' dir='ltr'>quem</span> <span class='ocrx_word' id='word_1_166' title='bbox 230 1499 412 1540; x_wconf 87' lang='lat' dir='ltr'>obruere</span> <span class='ocrx_word' id='word_1_167' title='bbox 444 1501 615 1540; x_wconf 90' lang='lat' dir='ltr'>uestrae</span> <span class='ocrx_word' id='word_1_168' title='bbox 636 1498 834 1550; x_wconf 88' lang='lat' dir='ltr'>uirtutes,</span> <span class='ocrx_word' id='word_1_169' title='bbox 864 1498 1081 1551; x_wconf 85' lang='lat' dir='ltr'>potestate</span> <span class='ocrx_word' id='word_1_170' title='bbox 1102 1493 1299 1536; x_wconf 83' lang='lat' dir='ltr'>Caesaris</span> <span class='ocrx_word' id='word_1_171' title='bbox 1326 1492 1424 1533; x_wconf 91' lang='lat' dir='ltr'>sub-</span> 
     </span>
    </p>
   </div>
   <div class='ocr_carea' id='block_1_8' title="bbox 36 1552 1424 1610">
    <p class='ocr_par' dir='ltr' id='par_1_11' title="bbox 36 1552 1424 1610">
     <span class='ocr_line' id='line_1_29' title="bbox 36 1552 1424 1610; baseline -0.009 -7"><span class='ocrx_word' id='word_1_172' title='bbox 36 1577 51 1604; x_wconf 76' lang='lat'>5</span> <span class='ocrx_word' id='word_1_173' title='bbox 71 1559 274 1600; x_wconf 89' lang='lat' dir='ltr'>limatum</span> <span class='ocrx_word' id='word_1_174' title='bbox 319 1557 372 1599; x_wconf 87' lang='lat' dir='ltr'>ad</span> <span class='ocrx_word' id='word_1_175' title='bbox 415 1557 595 1599; x_wconf 87' lang='lat' dir='ltr'>orientis</span> <span class='ocrx_word' id='word_1_176' title='bbox 644 1556 907 1610; x_wconf 88' lang='lat' dir='ltr'>praesidium</span> <span class='ocrx_word' id='word_1_177' title='bbox 958 1554 1070 1596; x_wconf 90' lang='lat' dir='ltr'>misi.</span> <span class='ocrx_word' id='word_1_178' title='bbox 1145 1552 1219 1607; x_wconf 91' lang='lat' dir='ltr'>qui</span> <span class='ocrx_word' id='word_1_179' title='bbox 1264 1566 1359 1592; x_wconf 93' lang='lat' dir='ltr'>cum</span> <span class='ocrx_word' id='word_1_180' title='bbox 1398 1565 1424 1592; x_wconf 91' lang='lat' dir='ltr'>a</span> 
     </span>
    </p>
   </div>
   <div class='ocr_carea' id='block_1_9' title="bbox 69 1610 1425 1966">
    <p class='ocr_par' dir='ltr' id='par_1_12' title="bbox 69 1610 1425 1966">
     <span class='ocr_line' id='line_1_30' title="bbox 69 1610 1425 1671; baseline -0.007 -12"><span class='ocrx_word' id='word_1_181' title='bbox 69 1617 239 1660; x_wconf 86' lang='lat' dir='ltr'>iustitia</span> <span class='ocrx_word' id='word_1_182' title='bbox 280 1631 357 1671; x_wconf 90' lang='lat' dir='ltr'>per</span> <span class='ocrx_word' id='word_1_183' title='bbox 397 1616 536 1658; x_wconf 92' lang='lat' dir='ltr'>multa</span> <span class='ocrx_word' id='word_1_184' title='bbox 579 1616 678 1657; x_wconf 90' lang='lat' dir='ltr'>uisu</span> <span class='ocrx_word' id='word_1_185' title='bbox 720 1615 947 1669; x_wconf 89' lang='lat' dir='ltr'>relatuque</span> <span class='ocrx_word' id='word_1_186' title='bbox 985 1612 1151 1655; x_wconf 84' lang='lat' dir='ltr'>nefaria</span> <span class='ocrx_word' id='word_1_187' title='bbox 1187 1610 1425 1664; x_wconf 85' lang='lat' dir='ltr'>defecisset,</span> 
     </span>
     <span class='ocr_line' id='line_1_31' title="bbox 70 1668 1424 1730; baseline -0.007 -12"><span class='ocrx_word' id='word_1_188' title='bbox 70 1676 251 1719; x_wconf 87' lang='lat' dir='ltr'>arbitrio</span> <span class='ocrx_word' id='word_1_189' title='bbox 295 1675 472 1730; x_wconf 85' lang='lat' dir='ltr'>punitus</span> <span class='ocrx_word' id='word_1_190' title='bbox 519 1678 584 1716; x_wconf 87' lang='lat' dir='ltr'>est</span> <span class='ocrx_word' id='word_1_191' title='bbox 628 1675 786 1729; x_wconf 89' lang='lat' dir='ltr'>legum.</span> <span class='ocrx_word' id='word_1_192' title='bbox 851 1673 917 1715; x_wconf 81' lang='lat'>12.</span> <span class='ocrx_word' id='word_1_193' title='bbox 957 1675 1085 1728; x_wconf 89' lang='lat' dir='ltr'>atque</span> <span class='ocrx_word' id='word_1_194' title='bbox 1130 1670 1298 1712; x_wconf 89' lang='lat' dir='ltr'>utinam</span> <span class='ocrx_word' id='word_1_195' title='bbox 1341 1668 1424 1710; x_wconf 90' lang='lat' dir='ltr'>hoc</span> 
     </span>
     <span class='ocr_line' id='line_1_32' title="bbox 69 1727 1425 1788; baseline -0.007 -11"><span class='ocrx_word' id='word_1_196' title='bbox 69 1738 272 1778; x_wconf 88' lang='lat' dir='ltr'>contenta</span> <span class='ocrx_word' id='word_1_197' title='bbox 308 1734 463 1776; x_wconf 86' lang='lat' dir='ltr'>fuisset</span> <span class='ocrx_word' id='word_1_198' title='bbox 500 1733 686 1788; x_wconf 88' lang='lat' dir='ltr'>Inuidia,</span> <span class='ocrx_word' id='word_1_199' title='bbox 723 1733 950 1775; x_wconf 89' lang='lat' dir='ltr'>turbarum</span> <span class='ocrx_word' id='word_1_200' title='bbox 989 1731 1200 1774; x_wconf 88' lang='lat' dir='ltr'>acerrima</span> <span class='ocrx_word' id='word_1_201' title='bbox 1240 1727 1425 1770; x_wconf 86' lang='lat' dir='ltr'>concita-</span> 
     </span>
     <span class='ocr_line' id='line_1_33' title="bbox 69 1786 1425 1848; baseline -0.007 -12"><span class='ocrx_word' id='word_1_202' title='bbox 69 1795 174 1837; x_wconf 86' lang='lat' dir='ltr'>trix:</span> <span class='ocrx_word' id='word_1_203' title='bbox 207 1796 250 1835; x_wconf 89' lang='lat' dir='ltr'>et</span> <span class='ocrx_word' id='word_1_204' title='bbox 282 1794 473 1848; x_wconf 88' lang='lat' dir='ltr'>angebat</span> <span class='ocrx_word' id='word_1_205' title='bbox 503 1808 582 1834; x_wconf 90' lang='lat' dir='ltr'>nos</span> <span class='ocrx_word' id='word_1_206' title='bbox 608 1807 694 1834; x_wconf 87' lang='lat' dir='ltr'>una</span> <span class='ocrx_word' id='word_1_207' title='bbox 726 1792 799 1834; x_wconf 90' lang='lat' dir='ltr'>sed</span> <span class='ocrx_word' id='word_1_208' title='bbox 832 1805 980 1833; x_wconf 86' lang='lat' dir='ltr'>secura</span> <span class='ocrx_word' id='word_1_209' title='bbox 1006 1790 1168 1831; x_wconf 89' lang='lat' dir='ltr'>doloris</span> <span class='ocrx_word' id='word_1_210' title='bbox 1200 1786 1425 1842; x_wconf 84' lang='lat' dir='ltr'>praeteriti</span> 
     </span>
     <span class='ocr_line' id='line_1_34' title="bbox 71 1848 1425 1904; baseline -0.007 -9"><span class='ocrx_word' id='word_1_211' title='bbox 71 1852 326 1895; x_wconf 88' lang='lat' dir='ltr'>recordatio.</span> <span class='ocrx_word' id='word_1_212' title='bbox 389 1856 433 1894; x_wconf 89' lang='lat' dir='ltr'>at</span> <span class='ocrx_word' id='word_1_213' title='bbox 463 1866 577 1893; x_wconf 86' lang='lat' dir='ltr'>nunc</span> <span class='ocrx_word' id='word_1_214' title='bbox 609 1850 725 1892; x_wconf 90' lang='lat' dir='ltr'>aliud</span> <span class='ocrx_word' id='word_1_215' title='bbox 758 1850 925 1904; x_wconf 87' lang='lat' dir='ltr'>accidit,</span> <span class='ocrx_word' id='word_1_216' title='bbox 958 1849 1096 1891; x_wconf 87' lang='lat' dir='ltr'>ausim</span> <span class='ocrx_word' id='word_1_217' title='bbox 1128 1848 1267 1889; x_wconf 88' lang='lat' dir='ltr'>dicere</span> <span class='ocrx_word' id='word_1_218' title='bbox 1304 1858 1425 1899; x_wconf 89' lang='lat' dir='ltr'>prae-</span> 
     </span>
     <span class='ocr_line' id='line_1_35' title="bbox 70 1903 1424 1966; baseline -0.007 -12"><span class='ocrx_word' id='word_1_219' title='bbox 70 1912 213 1954; x_wconf 87' lang='lat' dir='ltr'>teritis</span> <span class='ocrx_word' id='word_1_220' title='bbox 246 1912 467 1965; x_wconf 87' lang='lat' dir='ltr'>maestius,</span> <span class='ocrx_word' id='word_1_221' title='bbox 510 1911 622 1966; x_wconf 88' lang='lat' dir='ltr'>quod</span> <span class='ocrx_word' id='word_1_222' title='bbox 661 1924 736 1964; x_wconf 88' lang='lat' dir='ltr'>per</span> <span class='ocrx_word' id='word_1_223' title='bbox 767 1909 1068 1951; x_wconf 87' lang='lat' dir='ltr'>fortitudinem</span> <span class='ocrx_word' id='word_1_224' title='bbox 1099 1906 1224 1948; x_wconf 86' lang='lat' dir='ltr'>uobis</span> <span class='ocrx_word' id='word_1_225' title='bbox 1262 1903 1424 1958; x_wconf 88' lang='lat' dir='ltr'>ingeni-</span> 
     </span>
    </p>
   </div>
   <div class='ocr_carea' id='block_1_10' title="bbox 70 2082 1426 2386">
    <p class='ocr_par' dir='ltr' id='par_1_13' title="bbox 70 2082 1426 2386">
     <span class='ocr_line' id='line_1_36' title="bbox 475 2082 495 2107; baseline 0 0"><span class='ocrx_word' id='word_1_226' title='bbox 475 2082 495 2107; x_wconf 85' lang='lat' dir='ltr'>h</span> 
     </span>
     <span class='ocr_line' id='line_1_37' title="bbox 162 2111 1425 2162; baseline -0.006 -9"><span class='ocrx_word' id='word_1_227' title='bbox 162 2123 179 2153; x_wconf 90' lang='lat'>1</span> <span class='ocrx_word' id='word_1_228' title='bbox 205 2128 319 2153; x_wconf 88' lang='lat' dir='ltr'>manu</span> <span class='ocrx_word' id='word_1_229' title='bbox 343 2117 451 2162; x_wconf 69' lang='lat' dir='ltr'>qua</span> <span class='ocrx_word' id='word_1_230' title='bbox 501 2127 640 2151; x_wconf 88' lang='lat' dir='ltr'>umanu</span> <span class='ocrx_word' id='word_1_231' title='bbox 671 2115 704 2150; x_wconf 91' lang='lat' dir='ltr'><strong><em>V</em></strong></span> <span class='ocrx_word' id='word_1_232' title='bbox 792 2119 814 2149; x_wconf 84' lang='lat'>4</span> <span class='ocrx_word' id='word_1_233' title='bbox 839 2116 894 2149; x_wconf 83' lang='lat' dir='ltr'>est</span> <span class='ocrx_word' id='word_1_234' title='bbox 917 2113 1150 2158; x_wconf 87' lang='lat' dir='ltr'>Hierapolim</span> <span class='ocrx_word' id='word_1_235' title='bbox 1178 2112 1212 2148; x_wconf 80' lang='lat' dir='ltr'><strong><em>G</em></strong></span> <span class='ocrx_word' id='word_1_236' title='bbox 1238 2112 1294 2146; x_wconf 85' lang='lat' dir='ltr'>est</span> <span class='ocrx_word' id='word_1_237' title='bbox 1315 2111 1425 2146; x_wconf 87' lang='lat' dir='ltr'>Nico-</span> 
     </span>
     <span class='ocr_line' id='line_1_38' title="bbox 70 2155 1425 2209; baseline -0.007 -10"><span class='ocrx_word' id='word_1_238' title='bbox 70 2164 187 2209; x_wconf 88' lang='lat' dir='ltr'>polim</span> <span class='ocrx_word' id='word_1_239' title='bbox 213 2163 258 2199; x_wconf 86' lang='lat' dir='ltr'>ba</span> <span class='ocrx_word' id='word_1_240' title='bbox 283 2164 338 2197; x_wconf 87' lang='lat' dir='ltr'>est</span> <span class='ocrx_word' id='word_1_241' title='bbox 363 2162 444 2208; x_wconf 85' lang='lat' dir='ltr'>[lac.</span> <span class='ocrx_word' id='word_1_242' title='bbox 467 2165 491 2197; x_wconf 85' lang='lat'><em>9</em></span> <span class='ocrx_word' id='word_1_243' title='bbox 515 2161 603 2206; x_wconf 56' lang='lat' dir='ltr'>zita]</span> <span class='ocrx_word' id='word_1_244' title='bbox 630 2160 791 2206; x_wconf 88' lang='lat' dir='ltr'>capolim</span> <span class='ocrx_word' id='word_1_245' title='bbox 821 2159 902 2204; x_wconf 87' lang='lat' dir='ltr'>[lac.</span> <span class='ocrx_word' id='word_1_246' title='bbox 929 2162 951 2194; x_wconf 91' lang='lat'><em>5</em></span> <span class='ocrx_word' id='word_1_247' title='bbox 981 2159 1065 2204; x_wconf 58' lang='lat' dir='ltr'>lita]</span> <span class='ocrx_word' id='word_1_248' title='bbox 1095 2157 1164 2193; x_wconf 91' lang='lat' dir='ltr'>VP</span> <span class='ocrx_word' id='word_1_249' title='bbox 1256 2160 1298 2192; x_wconf 91' lang='lat'>10</span> <span class='ocrx_word' id='word_1_250' title='bbox 1327 2155 1425 2190; x_wconf 82' lang='lat' dir='ltr'>celso</span> 
     </span>
     <span class='ocr_line' id='line_1_39' title="bbox 70 2200 1425 2247; baseline -0.007 -3"><span class='ocrx_word' id='word_1_251' title='bbox 70 2219 137 2244; x_wconf 85' lang='lat' dir='ltr'>om.</span> <span class='ocrx_word' id='word_1_252' title='bbox 162 2209 202 2243; x_wconf 84' lang='lat' dir='ltr'>rb</span> <span class='ocrx_word' id='word_1_253' title='bbox 297 2212 336 2242; x_wconf 87' lang='lat'>11</span> <span class='ocrx_word' id='word_1_254' title='bbox 363 2208 404 2242; x_wconf 87' lang='lat' dir='ltr'>et</span> <span class='ocrx_word' id='word_1_255' title='bbox 426 2207 514 2242; x_wconf 79' lang='lat' dir='ltr'>add.</span> <span class='ocrx_word' id='word_1_256' title='bbox 545 2206 713 2241; x_wconf 79' lang='lat' dir='ltr'>Valesius</span> <span class='ocrx_word' id='word_1_257' title='bbox 741 2216 807 2240; x_wconf 81' lang='lat' dir='ltr'>om.</span> <span class='ocrx_word' id='word_1_258' title='bbox 832 2204 940 2240; x_wconf 81' lang='lat' dir='ltr'>codd.</span> <span class='ocrx_word' id='word_1_259' title='bbox 1032 2207 1102 2238; x_wconf 79' lang='lat'>*19</span> <span class='ocrx_word' id='word_1_260' title='bbox 1132 2202 1328 2247; x_wconf 80' lang='lat' dir='ltr'>profutura</span> <span class='ocrx_word' id='word_1_261' title='bbox 1356 2200 1425 2235; x_wconf 84' lang='lat' dir='ltr'>VP</span> 
     </span>
     <span class='ocr_line' id='line_1_40' title="bbox 72 2244 1426 2296; baseline -0.007 -8"><span class='ocrx_word' id='word_1_262' title='bbox 72 2258 114 2289; x_wconf 78' lang='lat'>22</span> <span class='ocrx_word' id='word_1_263' title='bbox 139 2254 266 2288; x_wconf 86' lang='lat' dir='ltr'>meum</span> <span class='ocrx_word' id='word_1_264' title='bbox 287 2252 393 2287; x_wconf 86' lang='lat' dir='ltr'>VAP</span> <span class='ocrx_word' id='word_1_265' title='bbox 417 2262 484 2287; x_wconf 82' lang='lat' dir='ltr'>om.</span> <span class='ocrx_word' id='word_1_266' title='bbox 510 2252 554 2296; x_wconf 64' lang='grc' dir='ltr'>ὃς]</span> <span class='ocrx_word' id='word_1_267' title='bbox 601 2254 645 2286; x_wconf 82' lang='grc'>24</span> <span class='ocrx_word' id='word_1_268' title='bbox 671 2251 709 2285; x_wconf 90' lang='lat' dir='ltr'>et</span> <span class='ocrx_word' id='word_1_269' title='bbox 732 2254 818 2285; x_wconf 75' lang='lat' dir='ltr'>ante</span> <span class='ocrx_word' id='word_1_270' title='bbox 841 2260 1011 2284; x_wconf 84' lang='lat' dir='ltr'>caesares</span> <span class='ocrx_word' id='word_1_271' title='bbox 1037 2248 1109 2284; x_wconf 80' lang='lat' dir='ltr'>del.</span> <span class='ocrx_word' id='word_1_272' title='bbox 1137 2247 1173 2282; x_wconf 93' lang='lat' dir='ltr'><strong><em>V</em></strong></span> <span class='ocrx_word' id='word_1_273' title='bbox 1215 2251 1258 2283; x_wconf 83' lang='lat'>25</span> <span class='ocrx_word' id='word_1_274' title='bbox 1282 2245 1366 2281; x_wconf 82' lang='lat' dir='ltr'>misi</span> <span class='ocrx_word' id='word_1_275' title='bbox 1392 2244 1426 2280; x_wconf 73' lang='lat' dir='ltr'><em>G</em></span> 
     </span>
     <span class='ocr_line' id='line_1_41' title="bbox 70 2290 1422 2339; baseline -0.005 -6"><span class='ocrx_word' id='word_1_276' title='bbox 70 2298 141 2333; x_wconf 79' lang='lat' dir='ltr'>nisi</span> <span class='ocrx_word' id='word_1_277' title='bbox 165 2299 185 2333; x_wconf 90' lang='lat' dir='ltr'>b</span> <span class='ocrx_word' id='word_1_278' title='bbox 208 2298 238 2332; x_wconf 78' lang='lat' dir='ltr'>si</span> <span class='ocrx_word' id='word_1_279' title='bbox 266 2298 336 2332; x_wconf 89' lang='lat' dir='ltr'>VP</span> <span class='ocrx_word' id='word_1_280' title='bbox 393 2301 435 2332; x_wconf 80' lang='grc'>28</span> <span class='ocrx_word' id='word_1_281' title='bbox 461 2297 639 2332; x_wconf 87' lang='lat' dir='ltr'>contenta</span> <span class='ocrx_word' id='word_1_282' title='bbox 659 2295 693 2329; x_wconf 83' lang='lat' dir='ltr'><strong><em>G</em></strong></span> <span class='ocrx_word' id='word_1_283' title='bbox 712 2295 930 2339; x_wconf 85' lang='lat' dir='ltr'>contempta</span> <span class='ocrx_word' id='word_1_284' title='bbox 951 2293 1041 2329; x_wconf 86' lang='lat' dir='ltr'>VPb</span> <span class='ocrx_word' id='word_1_285' title='bbox 1097 2292 1229 2328; x_wconf 85' lang='lat' dir='ltr'>fuisset</span> <span class='ocrx_word' id='word_1_286' title='bbox 1244 2290 1422 2337; x_wconf 74' lang='lat' dir='ltr'>Eyssenh.</span> 
     </span>
     <span class='ocr_line' id='line_1_42' title="bbox 70 2338 1088 2386; baseline -0.005 -8"><span class='ocrx_word' id='word_1_287' title='bbox 70 2344 178 2378; x_wconf 77' lang='lat' dir='ltr'>tisset</span> <span class='ocrx_word' id='word_1_288' title='bbox 204 2343 288 2377; x_wconf 86' lang='lat' dir='ltr'>V¹P</span> <span class='ocrx_word' id='word_1_289' title='bbox 313 2343 497 2377; x_wconf 81' lang='lat' dir='ltr'>extitisset</span> <span class='ocrx_word' id='word_1_290' title='bbox 525 2341 608 2375; x_wconf 80' lang='lat' dir='ltr'>V2A</span> <span class='ocrx_word' id='word_1_291' title='bbox 627 2341 726 2376; x_wconf 84' lang='lat' dir='ltr'>esset</span> <span class='ocrx_word' id='word_1_292' title='bbox 749 2341 791 2386; x_wconf 76' lang='lat' dir='ltr'>by</span> <span class='ocrx_word' id='word_1_293' title='bbox 884 2341 950 2375; x_wconf 71' lang='lat'>*30</span> <span class='ocrx_word' id='word_1_294' title='bbox 976 2339 1024 2374; x_wconf 82' lang='lat' dir='ltr'>ad</span> <span class='ocrx_word' id='word_1_295' title='bbox 1053 2338 1088 2374; x_wconf 91' lang='lat' dir='ltr'><strong><em>V</em></strong></span> 
     </span>
    </p>
   </div>
  </div>
 </body>
</html>
