1614 2549
38 735 72 760 10

38 1028 71 1053 15

38 1323 72 1348 20

38 1615 74 1641 25

373 99 714 137 CONSTANTIVS
739 99 801 134 ΕΤ
828 98 1060 134 IVLIANVS
1087 103 1151 135 359
1365 101 1443 143 151

92 199 188 238 tuto
222 197 266 236 et
295 194 527 249 legationis
565 195 738 236 nomine
775 196 972 248 precator
1010 196 1188 235 uenerat
1224 208 1302 247 pro
1334 193 1443 236 Vrio

94 257 138 295 et
169 252 368 294 Vrsicino
400 256 442 294 et
474 252 708 307 Vestralpo
745 253 922 307 regibus
954 267 1103 306 pacem
1142 251 1293 293 itidem
1326 252 1447 294 obse-

23 364 25 366 ,
93 327 218 354 crans
249 311 424 353 interim
456 312 705 366 responderi
736 326 823 353 non
852 313 1026 366 poterat
1055 325 1127 366 ne,
1157 313 1207 352 ut
1239 314 1340 352 sunt
1370 311 1445 352 flu-

92 371 224 412 xioris
263 369 362 411 fidei
399 371 592 424 barbari,
633 373 733 424 post
771 370 938 411 abitum
974 370 1157 411 recreati
1196 373 1446 412 nostrorum

90 443 243 483 parum
264 429 589 484 adquiescerent
619 444 695 483 per
715 429 823 470 alios
856 428 1097 482 inpetratis.
1162 428 1228 469 19.
1254 429 1327 470 sed
1348 443 1445 470 cum

91 488 175 541 ipsi
214 502 382 542 quoque
423 488 567 529 missis
612 488 770 542 legatis
813 490 914 541 post
956 501 1117 527 messes
1161 487 1357 529 incensas
1402 490 1445 529 et

91 546 342 587 habitacula
373 549 605 600 captosque
643 546 789 600 plures
823 548 866 586 et
897 545 1148 586 interfectos
1190 545 1254 587 ita
1285 546 1446 600 suppli-

92 607 249 658 carent,
281 607 504 658 tamquam
536 605 621 658 ipsi
652 605 758 646 haec
779 604 1063 658 deliquissent
1095 604 1342 658 innostros,
1373 619 1446 658 pa·
1487 618 1490 619 ⁷

91 678 183 704 cem
215 663 513 704 condicionum
546 663 829 705 similitudine
867 664 1130 704 meruerunt.
1192 663 1306 704 inter
1338 677 1444 718 quas

90 722 133 763 id
175 721 429 763 festinatum
474 724 539 763 est
588 722 786 776 maxime,
835 724 884 762 ut
934 721 1127 775 captiuos
1165 722 1446 763 restituerent

92 795 251 834 omnes,
284 795 390 835 quos
421 784 656 834 rapuerant
688 781 937 822 excursibus
970 780 1145 821 crebris.

211 838 253 880 3.
278 840 314 880 1.
333 838 451 880 Haec
471 839 572 880 dum
592 840 637 881 in
657 839 812 880 Galliis
834 839 1030 880 caelestis
1052 839 1234 892 corrigit
1260 853 1372 893 cura,
1400 838 1447 879 in

91 898 300 939 comitatu
338 897 529 952 Augusti
571 898 700 939 turbo
743 912 954 939 nouarum
999 897 1190 938 exoritur
1232 911 1375 938 rerum
1421 911 1446 938 a

89 956 337 1010 primordiis
375 956 544 997 leuibus
584 957 637 997 ad
674 957 816 997 luctus
856 959 900 997 et
943 956 1134 997 lamenta
1177 968 1446 1009 progressus.

91 1015 134 1056 in
176 1015 301 1056 domo
334 1014 609 1056 Barbationis
648 1015 858 1069 pedestris
897 1015 1081 1056 militiae
1125 1017 1228 1055 tunc
1264 1013 1445 1055 rectoris

91 1088 270 1114 examen
302 1087 402 1127 apes
434 1073 571 1114 fecere
603 1074 890 1127 perspicuum.
936 1087 1147 1127 superque
1179 1072 1260 1113 hoc
1282 1073 1321 1113 ei
1351 1087 1448 1126 pro-

90 1132 306 1186 digiorum
327 1145 486 1186 gnaros
508 1133 693 1174 sollicite
715 1132 958 1173 consulenti
978 1132 1209 1173 discrimen
1239 1145 1447 1185 magnum

90 1191 289 1244 portendi
320 1205 575 1244 responsum
596 1194 673 1245 est,
706 1191 953 1232 coniectura
984 1190 1188 1231 uidelicet
1219 1190 1311 1243 tali,
1335 1189 1449 1244 quod

90 1249 171 1291 hae
204 1250 401 1290 uolucres
432 1253 532 1303 post
566 1250 810 1304 conpositas
847 1250 966 1291 sedes
1000 1263 1185 1303 opesque
1219 1251 1446 1302 congestas

91 1308 210 1350 fumo
224 1308 446 1362 pelluntur
467 1312 509 1349 et
529 1309 778 1349 turbulento
795 1308 938 1349 sonitu
954 1308 1263 1362 cymbalorum.
1296 1308 1334 1348 2.
1348 1307 1450 1348 huic

91 1382 198 1408 uxor
238 1370 330 1408 erat
361 1367 543 1421 Assyria
579 1367 752 1408 nomine
785 1381 863 1408 nec
888 1367 1106 1408 taciturna
1135 1380 1213 1407 nec
1251 1366 1449 1419 prudens,

93 1440 202 1480 quae
236 1440 284 1467 eo
318 1425 371 1466 ad
403 1426 721 1479 expeditionem
753 1426 947 1480 profecto
981 1428 1024 1466 et
1055 1424 1290 1478 multiplici
1330 1427 1450 1466 metu

93 1499 300 1538 suspenso
340 1484 394 1525 ob
434 1499 484 1525 ea
523 1499 630 1538 quae
670 1485 929 1526 meminerat
968 1484 1051 1525 sibi
1088 1483 1319 1538 praedicta,
1356 1498 1450 1537 per-

93 1543 212 1584 culsa
250 1543 445 1584 uanitate
484 1543 704 1596 muliebri,
744 1544 902 1584 ancilla
941 1543 1104 1585 adscita
1140 1545 1342 1584 notarum
1381 1556 1451 1596 pe-

92 1602 196 1656 rita,
228 1617 357 1656 quam
390 1617 415 1643 a
445 1602 707 1655 patrimonio
742 1601 909 1643 Siluani
940 1601 1207 1656 possederat,
1241 1601 1293 1642 ad
1324 1600 1452 1642 mari-

92 1665 187 1703 tum
207 1661 381 1714 scripsit
413 1661 719 1714 intempestiue
739 1661 862 1702 uelut
893 1661 999 1702 fiens
1022 1661 1258 1713 obtestanS,
1277 1674 1331 1700 ne
1352 1662 1451 1713 post

95 1720 264 1761 obitum
284 1718 514 1760 Constanti
545 1720 908 1774 propinquantem
940 1720 986 1760 in
1016 1719 1248 1773 imperium
1280 1719 1371 1772 ipse
1402 1720 1452 1759 ut

95 1779 298 1832 sperabat
336 1778 567 1832 admissus,
607 1778 808 1832 despecta
841 1794 885 1820 se
924 1780 1205 1832 anteponeret
1236 1776 1451 1818 Eusebiae

95 1837 422 1878 matrimonium
453 1840 556 1878 tunc
587 1837 764 1891 reginae
792 1837 941 1878 decore
975 1836 1166 1890 corporis
1199 1836 1313 1876 inter
1345 1835 1454 1876 mul-

41 1909 77 1935 80
96 1899 163 1937 tas
194 1895 377 1936 feminas
399 1895 661 1936 excellentis.
706 1896 744 1936 3.
765 1896 921 1950 quibus
954 1895 1114 1936 litteris
1135 1894 1300 1935 occulte
1322 1908 1453 1948 quan-

96 1957 190 1996 tum
228 1954 322 1995 fieri
358 1954 501 2007 potuit
533 1955 677 1995 missis
711 1954 885 2008 ancilla,
918 1968 1026 2008 quae
1059 1953 1230 1994 domina
1263 1952 1452 1993 dictante

95 2013 419 2067 perscripserat,
451 2013 637 2053 reuersis
664 2013 864 2053 omnibus
898 2027 918 2053 e
951 2012 1176 2066 procinctu
1209 2011 1463 2065 exemplum·

96 2072 239 2113 ferens
285 2072 338 2112 ad
376 2071 658 2112 Arbetionem
701 2071 841 2112 noctis
884 2071 1026 2124 prima
1069 2070 1211 2125 quiete
1257 2069 1454 2124 confugit

189 2212 207 2242 1
236 2207 322 2242 Vrio
355 2208 391 2242 A
426 2207 531 2241 uario
561 2206 674 2251 VPby
766 2211 785 2240 2
822 2206 1021 2251 Vestralpo
1058 2208 1094 2241 A
1128 2207 1301 2251 uersalpo
1341 2206 1455 2250 Vqu

98 2257 121 2287 4
144 2253 314 2287 habitum
340 2251 526 2286 recredati
554 2251 623 2286 VP
653 2252 796 2286 abitum
821 2252 1009 2286 recordati
1039 2252 1106 2297 b9a
1201 2256 1240 2286 16
1266 2251 1452 2285 examina-

99 2298 337 2342 pes<t⁰¹ere>
360 2297 574 2341 V(ultimae
599 2297 669 2331 litt.
696 2297 738 2330 in
761 2308 833 2331 ras.
861 2308 905 2331 m.
929 2297 991 2340 II)
1018 2297 1190 2330 examina
1218 2297 1389 2341 pestaere
1419 2296 1455 2330 P

101 2352 259 2376 examen
295 2352 384 2386 apes
418 2341 540 2376 fecere
581 2342 722 2383 (texere
761 2342 812 2387 A)
847 2341 918 2375 ΘΑ
1025 2345 1066 2375 26
1105 2340 1371 2385 obtestansque
1413 2340 1457 2384 by

101 2391 144 2422 28
171 2387 366 2431 despectet
394 2386 482 2421 VPb
574 2387 643 2421 *29
670 2386 832 2430 corporis
857 2387 892 2420 P
918 2397 1049 2430 corpor
1077 2386 1111 2420 V
1201 2391 1244 2421 33
1269 2387 1315 2420 ab
1345 2384 1412 2420 VP
