1573 2508
138 35 218 79 178
619 31 759 68 xvnn
783 35 816 74 5,
843 34 943 74 7—6,
967 34 990 67 s
1436 0 1455 5 ''
1510 0 1537 81 ξ
1566 35 1571 68 ;

135 129 225 171 tela
255 127 479 170 fundentes
512 141 597 168 non
615 139 849 181 numquam
880 125 1005 167 binos
1038 123 1249 178 forabant,
1281 138 1303 164 e
1329 123 1483 179 quibus

136 202 234 243 pars
267 187 459 242 grauiter
493 185 705 226 uulnerati
725 184 919 238 ruebant,
951 183 1026 225 alii
1046 182 1338 224 machinarum
1364 184 1484 224 metu

137 246 409 288 stridentium
439 243 696 298 praecipites
729 243 814 284 acti
846 242 1020 284 laniatis
1051 240 1301 296 corporibus
1339 239 1485 282 interi-

138 306 252 347 bant.
317 305 354 344 7.
387 303 541 358 quibus
574 301 654 343 hac
675 301 895 343 celeritate
928 300 1133 342 confectis
1165 299 1398 354 relatisque
1430 298 1483 341 ad

140 365 232 404 loca
265 365 387 403 sueta
417 360 659 414 tormentis,
696 360 826 414 paulo
864 359 1053 401 securius
1092 358 1262 399 moenia
1293 357 1483 400 omnium
1502 371 1520 398 5

138 435 344 463 concursu
376 419 724 461 defendebantur.
774 420 812 460 8.
833 420 876 459 et
908 417 1108 473 quoniam
1141 416 1328 471 augebat
1359 430 1483 458 curas

139 480 325 521 militum
359 479 587 520 scelestum
620 477 785 518 facinus
818 476 1036 531 perfugae,
1068 475 1188 530 quasi
1215 474 1484 516 decurrentes

140 539 184 580 in
217 538 392 592 planum
425 538 487 578 ita
518 536 753 577 iaculantes
780 535 950 577 diuersa
980 533 1166 575 missilia
1198 533 1370 575 lacertis
1402 532 1485 574 for-

138 597 254 638 tibus
275 595 592 649 incumbebant,
626 598 672 635 ut
692 597 896 649 uergente
928 594 973 634 in
1005 592 1225 634 meridiem
1245 591 1312 633 die
1333 594 1484 645 gentes

140 656 361 697 uulnerum
395 654 481 695 acri
520 653 692 707 repulsa
729 653 951 704 disiectae,
990 652 1265 693 lacrimantes
1298 649 1485 705 complu·
1505 665 1539 691 10

139 715 249 756 rium
282 716 454 766 mortes,
486 712 674 753 tentoria
705 714 949 766 repeterent
981 713 1108 751 metu.

257 772 301 814 6.
338 773 372 812 1.
405 770 657 824 Adspirauit
695 784 842 811 auram
874 769 1086 824 quandam
1128 768 1280 810 salutis
1312 766 1487 809 fortuna

139 831 312 872 innoxio
352 830 418 871 die
457 844 551 870 cum
590 828 739 870 hostili
779 828 897 869 clade
937 841 1121 881 emenSO,
1158 826 1277 868 cuius
1319 825 1484 880 reliquo

140 895 332 943 tempore
363 888 416 930 ad
438 888 626 942 quietem
659 886 897 928 reficiendis
931 885 1181 940 corporibus
1203 885 1315 938 dato,
1347 886 1485 939 poste-

141 962 211 989 rae
245 947 352 989 lucis
385 946 509 987 initio
544 961 593 986 ex
626 960 720 987 arce
754 946 1021 986 imlumeram
1053 945 1265 985 cernimus
1303 943 1487 998 plebem,
1507 951 1540 978 1⁵

142 1021 248 1061 quae
270 1006 393 1047 Ziata
413 1008 538 1059 capto
563 1005 743 1046 castello
777 1004 829 1045 ad
861 1003 1074 1045 hosticum
1095 1002 1340 1056 ducebahu,
1361 1016 1487 1056 quem

142 1066 184 1105 in
218 1065 360 1106 locum
380 1066 426 1105 ut
447 1063 774 1117 capacissimum
795 1066 837 1103 et
857 1061 1070 1103 munitum
1090 1085 1145 1090 —
1167 1060 1307 1115 spatio
1329 1060 1485 1115 quippe

141 1124 285 1164 decem
306 1122 543 1164 stadiorum
565 1122 753 1162 ambitur
773 1146 826 1150 —
848 1120 1090 1174 promiscua
1111 1119 1361 1173 confugerat
1381 1118 1487 1160 mul-

140 1182 292 1223 titudo.
353 1182 392 1222 2.
435 1194 536 1222 nam
570 1180 699 1221 etiam
744 1180 830 1221 alia
861 1179 1126 1220 munimenta
1169 1177 1305 1219 isdem
1338 1177 1486 1219 diebus

141 1243 267 1294 capta
299 1243 397 1280 sunt
430 1242 471 1280 et
509 1239 699 1292 incensa,
737 1238 844 1279 unde
884 1238 1105 1279 hominum
1143 1236 1264 1278 milia
1295 1238 1541 1278 extractam
1570 1239 1571 1242 ’

142 1299 362 1352 complura
401 1298 601 1339 seruituri
640 1297 942 1351 sequebantur,
979 1296 1092 1338 inter
1124 1309 1228 1350 quos
1261 1294 1387 1336 multi
1426 1309 1487 1336 se-

141 1360 265 1398 necta
297 1357 454 1398 infirmi
476 1359 517 1397 et
539 1356 739 1397 mulieres
760 1356 845 1396 iam
867 1355 1149 1410 grandaeuae,
1169 1368 1264 1395 cum
1285 1368 1335 1394 cx
1355 1353 1487 1395 uariis

141 1416 370 1457 deficerent
390 1415 530 1456 causis
558 1415 725 1456 itineris
746 1414 1064 1469 longinquitate
1087 1413 1286 1466 offensae,
1318 1412 1488 1454 abiecta

141 1474 313 1516 uiuendi
346 1474 578 1528 cupiditate
612 1474 721 1515 suris
755 1473 823 1515 uel
857 1472 1160 1526 suffraginibus
1193 1471 1487 1526 relinqueban-

143 1536 212 1574 tur
246 1533 417 1574 exectis.
1507 1539 1541 1565 2⁵

260 1592 298 1632 3.
330 1590 421 1632 Has
454 1591 720 1632 miserabiles
753 1594 916 1631 turmas
949 1589 1064 1630 Galli
1098 1589 1257 1630 milites
1291 1590 1490 1630 contuen-

142 1655 206 1690 tes
245 1649 493 1691 rationabili
527 1649 695 1703 quidem
736 1648 807 1689 sed
845 1648 1149 1702 intempestiue
1191 1650 1308 1689 motu
1347 1661 1489 1689 conse-

142 1708 296 1749 rendae
317 1723 411 1749 cum
433 1708 630 1748 hostibus
652 1722 800 1748 manus
823 1707 989 1760 copiam
1023 1706 1105 1748 sibi
1126 1707 1217 1748 dari
1243 1706 1488 1760 poscebant,

147 1770 329 1808 mortem
363 1766 548 1807 tribunis
582 1766 827 1807 net-antibus
860 1765 1093 1820 primisque
1115 1764 1333 1806 ordinibus
1366 1764 1488 1806 mini·

142 1829 284 1867 tantes
318 1826 353 1865 si
385 1825 580 1878 deinceps
620 1825 910 1878 prohiberent.
971 1825 1010 1865 4.
1049 1827 1179 1878 utque
1214 1824 1412 1865 dentatae
1443 1823 1489 1865 in
1506 1832 1542 1859 80

143 1884 283 1926 caucis
322 1883 485 1925 bestiae
527 1886 664 1924 taetro
704 1883 885 1937 paedore
925 1882 1117 1924 acerbius
1157 1883 1355 1924 efferatae
1393 1896 1488 1924 eua-

142 1942 266 1983 dendi
301 1957 374 1996 spe
407 1942 625 1995 repagulis
647 1941 933 1983 uersabilibus
965 1941 1215 1994 inlidmltur,
1247 1941 1307 1982 ita
1330 1940 1487 1995 gladiis

146 2005 291 2054 portas
325 2001 568 2053 caedebant,
602 2016 706 2054 quas
728 2015 857 2054 supra
876 2000 1059 2041 diximus
1082 2000 1317 2052 obseratus,
1348 1998 1488 2040 admo-

234 2137 252 2164 :3
279 2132 443 2165 omnium
472 2134 502 2164 (ι’
531 2132 654 2166 011111111
687 2132 796 2167 I'I’ba
843 2136 862 2166 9
882 2134 1059 2177 uergente
1078 2132 1114 2165 in
1130 2132 1261 2175 scripsi
1278 2131 1338 2173 (cf.
1357 2133 1414 2174 31,
1430 2133 1488 2172 10,

142 2179 200 2219 13)
218 2178 436 2219 uergentem
462 2176 589 2211 V²Pba
607 2179 751 2211 uertem
774 2176 817 2210 V*
838 2176 974 2211 Vertae
992 2177 1028 2210 in
1045 2176 1079 2209 G
1131 2176 1191 2210 die
1209 2177 1340 2221 gentes
1355 2175 1429 2210 scri
1455 2175 1488 2210 si

142 2220 322 2264 degentes
338 2221 438 2254 codd.
484 2226 537 2271 ‘10
552 2221 728 2256 disiectae
749 2222 881 2264 scripsi
900 2221 1043 2255 disiecti
1068 2221 1172 2255 codd.
1222 2225 1265 2254 ‘20
1290 2221 1399 2264 capta
1452 2219 1488 2254 Α

143 2267 250 2309 rapta
280 2264 366 2298 Vl’b
414 2270 454 2298 27
481 2266 744 2309 111t01npestiuo
773 2267 843 2299 ΗΑ
868 2266 983 2299 intem
1015 2265 1159 2299 eratiuo
1192 2264 1278 2299 VPb
1324 2270 1367 2315 39
1398 2263 1487 2299 den-

141 2311 243 2343 tatae
271 2309 302 2341 (1'
329 2311 472 2343 tentate
506 2310 614 2344 Vl’ba
709 2315 747 2343 :31
781 2309 955 2344 offeratae
1018 2311 1052 2343 P
1144 2314 1186 2344 3-2
1213 2308 1428 2344 uersabibus
1457 2307 1491 2343 V
