1614 2549
366 44 703 81 CONSTANTIVS
727 44 790 80 ΕΤ
815 27 1049 80 1VL1ANv‘s
1073 49 1138 82 357
1350 49 1430 91 115

82 155 156 183 ros
175 139 379 193 humeris,
410 138 447 180 si
466 137 653 180 defuisse
674 139 759 180 sibi
789 139 1011 182 docuerint
1029 139 1289 182 defensores.
1320 141 1432 195 quod

82 202 312 253 utrumque
343 199 461 239 metu
490 196 716 251 perfidiam
745 198 943 240 frenante
973 198 1176 241 fecerunt.

203 258 270 298 14.
287 255 383 298 Hoc
394 255 669 298 memorabili
682 256 813 311 bello,
833 257 1104 312 conparando
1119 257 1290 312 quidem
1305 257 1432 299 Puni-

84 317 144 358 cis
175 318 220 357 et
250 314 512 368 Teutonicis,
544 315 617 356 sed
649 315 885 369 dispendiis
911 316 973 357 rei
1003 316 1226 358 Romanae
1256 319 1431 370 peracto

47 389 64 414 5
83 373 314 416 leuissimis
345 376 395 414 ut
433 373 601 415 faustus
629 373 788 416 Caesar
820 374 1043 416 exultabat
1073 379 1116 417 et
1145 374 1269 416 felix:
1302 375 1432 417 credi-

83 447 164 487 que
202 432 566 473 obtrectatoribus
601 432 763 487 potuit,
801 433 898 474 ideo
935 433 1108 474 fortiter
1140 448 1236 474 eum
1273 433 1431 488 ubique

81 491 233 533 fecisse
265 491 543 545 fingentibus,
582 491 693 545 quod
726 494 929 545 oppetere
960 492 1202 534 dimicando
1241 493 1429 546 gloriose

81 550 221 604 magis
260 550 442 603 optabat
474 564 602 603 quam
633 550 934 591 damnatorum
967 553 1101 603 sorte,
1140 551 1252 592 sicut
1289 566 1430 605 spera-

81 609 203 662 bant,
240 610 290 649 ut
325 607 460 649 frater
492 607 643 650 Gallus
676 609 828 650 occidi:
866 610 910 650 ni
948 609 1044 663 pari
1080 609 1301 662 proposito
1332 613 1432 662 post

28 687 63 713 10
81 681 300 709 excessum
344 681 512 721 quoque
557 666 785 709 Constanti
829 668 995 709 actibus
1046 668 1252 709 mirandis
1302 668 1431 709 incla-

78 726 248 767 ruisset.

200 783 242 825 2.
261 785 297 825 ].
312 784 476 833 Quibus
489 787 538 825 ut
557 785 602 825 in
621 785 702 826 tali
718 800 763 826 re
779 785 1011 839 conpositis
1026 785 1221 838 firmiter,
1241 785 1294 826 ad
1309 785 1429 827 sedes

79 845 299 885 reuertens
341 842 543 884 hibernas
583 843 784 884 sudorum
822 844 1028 897 reliquias
1071 845 1263 897 repperit
1305 844 1429 886 tales.

79 901 238 944 Remos
286 901 466 944 Seuerus
515 902 724 956 magister
774 903 966 956 equitum
1016 916 1092 955 per
1134 902 1427 956 Agrippinam

27 975 60 1000 15
79 963 229 1015 petens
261 963 307 1002 et
335 959 547 1002 Iuliacum
578 960 842 1002 Francorum
874 961 1164 1002 ualidissimos
1197 975 1351 1002 cuneos
1383 962 1429 1003 in

80 1020 291 1062 sexcentis
322 1019 540 1072 uelitibus,
571 1024 619 1061 ut
649 1024 800 1073 postea
832 1020 1004 1072 claruit,
1035 1033 1171 1060 uacua
1201 1020 1426 1073 praesidiis

78 1079 175 1120 loca
218 1080 437 1120 uastantes
482 1078 676 1120 offendit:
732 1078 812 1120 hac
856 1078 1149 1132 oportunitate
1194 1079 1239 1119 in
1288 1079 1425 1120 scelus

79 1137 302 1178 audaciam
346 1137 558 1191 erigente,
602 1137 713 1191 quod
759 1136 940 1178 Caesare
990 1138 1035 1177 in
1084 1137 1426 1179 Alamannorum

79 1195 316 1237 secessibus
349 1199 554 1249 occupato
586 1196 790 1250 nulloque
823 1199 997 1237 uetante
1030 1196 1193 1249 expleri
1225 1210 1268 1237 se
1299 1210 1425 1250 posse

25 1268 60 1294 20
78 1254 332 1308 praedarum
377 1254 602 1308 opimitate
648 1264 748 1296 sunt
786 1255 998 1296 arbitrati.
1061 1255 1134 1295 sed
1178 1257 1295 1296 metu
1337 1255 1425 1296 iam

78 1313 240 1354 reuersi
277 1313 506 1366 exercitus,
543 1313 823 1355 munimentis
861 1313 1043 1367 duobus,
1081 1328 1188 1367 quae
1221 1313 1326 1354 olim
1359 1329 1425 1355 ex-

78 1373 244 1414 inanita
275 1375 392 1423 sunt,
424 1373 640 1426 occupatis
674 1387 718 1413 se
752 1372 890 1426 quoad
921 1372 1015 1413 fieri
1045 1375 1217 1426 poterat
1248 1372 1424 1414 tueban-

77 1434 158 1472 tur.
200 1431 239 1471 2.
270 1430 351 1471 hac
371 1430 563 1472 Iulianus
584 1431 648 1472 rei
679 1432 873 1472 nouitate
893 1431 1112 1485 perculsus
1134 1436 1178 1472 et
1210 1431 1422 1473 coniciens

79 1503 282 1544 quorsum
322 1492 581 1543 erumperet,
619 1491 657 1531 si
694 1490 831 1531 isdem
863 1490 1093 1531 transisset
1130 1490 1324 1542 intactis,
1361 1505 1424 1531 re-

23 1562 57 1588 25
76 1551 196 1589 tento
240 1547 379 1588 milite
423 1548 751 1590 circumuallare
798 1549 1010 1602 disposuit
1054 1580 1423 1590 ................

71 1606 198 1648 Mosa
234 1606 387 1648 fluuius
424 1607 764 1661 praeterlambit,
803 1612 845 1648 et
885 1607 936 1648 ad
974 1622 1108 1661 usque
1141 1612 1342 1661 quartum
1382 1612 1424 1648 et

77 1665 479 1720 quinquagesimum
511 1666 641 1720 diem,
678 1666 908 1708 Decembri
947 1666 1113 1707 scilicet
1145 1670 1189 1707 et
1220 1666 1422 1708 Ianuario

75 1738 232 1779 mense,
265 1724 554 1766 obsidionales
575 1729 739 1767 tractae
761 1732 860 1766 sunt
891 1739 1050 1778 morae,
1082 1725 1310 1767 destinatis
1331 1725 1424 1766 bar-

75 1783 279 1824 barorum
300 1783 454 1824 animis
475 1784 719 1826 incredibili
738 1784 977 1838 pertinacia
994 1784 1230 1825 reluctatis.
1257 1785 1296 1826 3.
1321 1787 1423 1825 tunc

22 1855 56 1881 ³0
76 1842 380 1895 pertimescens
414 1842 738 1885 sollertissimus
761 1842 928 1896 Caesar,
960 1858 1012 1884 ne
1045 1843 1273 1884 obseruata
1296 1845 1422 1884 nocte

75 1900 213 1942 inluni
231 1900 407 1942 barbari
426 1902 527 1955 gelu
545 1902 738 1944 uinctum
759 1917 929 1944 amnem
948 1902 1242 1955 peruaderent,
1268 1901 1421 1942 cotidie

76 1975 100 2000 a
131 1959 220 2001 sole
259 1959 305 1999 in
342 1973 566 2013 uesperam
605 1961 713 2002 flexo
754 1961 806 2002 ad
843 1975 977 2015 usque
1015 1961 1123 2002 lucis
1161 1960 1421 2014 principium

75 2018 248 2060 lusoriis
286 2018 469 2059 nauibus
509 2019 745 2061 discurrere
785 2020 943 2061 flumen
974 2019 1087 2061 ultro
1121 2019 1313 2074 citroque
1345 2019 1422 2060 mi-

76 2077 175 2118 lites
209 2076 437 2131 ordinauit,
474 2080 523 2119 ut
561 2079 715 2120 crustis
749 2079 999 2132 pruinarum
1031 2078 1237 2119 diffractis
1275 2078 1419 2120 nullus

21 2148 55 2174 35
76 2135 127 2177 ad
160 2136 408 2189 erumpendi
440 2137 608 2190 copiam
638 2137 766 2179 facile
798 2137 1053 2192 perueniret.
1113 2137 1278 2192 hocque
1311 2152 1421 2178 com-

162 2243 183 2274 8
219 2239 395 2282 sperabat
436 2239 502 2274 VP
597 2245 635 2275 is
666 2240 960 2275 aliamannorum
1003 2239 1069 2275 VP
1161 2244 1203 2275 25
1239 2240 1422 2285 disposuit

76 2284 155 2327 [ἶαο.
182 2287 224 2318 20
254 2283 341 2327 lita]
376 2295 441 2319 osa
475 2285 509 2318 V
582 2289 624 2319 29
655 2285 875 2320 reluctantis
912 2285 942 2319 V
1028 2290 1072 2321 35
1103 2286 1323 2330 erumpendi
1350 2285 1420 2320 ΘΑ

75 2329 240 2371 (coniecit
265 2329 469 2374 Kiesslinq)
496 2329 725 2374 erumpendo
744 2329 779 2363 V
820 2330 1037 2375 perueniret
1061 2331 1142 2376 [lac.
1172 2336 1213 2365 12
1239 2331 1322 2375 litt]
1353 2330 1420 2365 VP

1137 2390 1188 2423 8*
