1573 2508
116 54 176 95 40
617 51 724 86 XIIII
752 55 804 94 11,
833 55 963 86 16-24
1526 0 1558 80 ³

121 147 338 188 cultatem.
393 146 456 187 16.
476 146 572 186 inde
605 145 702 186 aliis
735 159 862 199 super
893 144 1003 186 alias
1023 145 1275 200 urgentibus
1306 145 1465 187 litteris

122 206 236 246 exire
271 207 313 245 et
345 204 489 245 decem
522 203 730 245 uehiculis
762 203 965 258 publicis,
1003 206 1051 245 ut
1081 206 1356 258 praeceptum
1388 206 1466 258 est,

117 278 220 305 usus
240 263 391 304 relicto
413 262 607 316 palatino
628 262 745 303 omni
765 265 935 316 praeter
954 276 1113 316 paucos
1138 263 1224 304 tori
1244 262 1464 304 ministros

120 326 163 362 et
195 335 386 375 mensae,
425 335 530 375 quos
569 323 773 362 auexerat
813 334 972 374 secum,
1010 320 1209 375 squalore
1241 323 1464 363 concretus

119 380 305 421 celerare
339 379 517 433 gradum
551 379 875 433 conpellebatur
907 379 1182 433 adigentibus
1215 380 1375 433 multis,
1405 381 1464 421 te-
1483 391 1502 418 5

119 438 310 479 meritati
343 452 443 479 suae
477 437 655 479 subinde
687 437 889 479 flebiliter
928 438 1190 491 inprecatus,
1230 453 1337 492 quae
1369 451 1465 480 eum

122 497 208 538 iam
229 496 474 550 despectum
496 501 538 538 et
567 497 697 537 uilem
730 496 910 537 arbitrio
932 496 1179 537 subdiderat
1210 496 1465 538 infimorum.

123 556 187 596 17.
202 555 315 596 inter
333 555 438 596 haec
458 558 602 596 tamen
624 569 698 608 per
719 555 905 596 indutias
925 557 1106 596 naturae
1126 555 1464 609 conquiescentis

123 613 428 655 sauciabantur
477 614 567 655 eius
618 627 766 654 sensus
817 613 1251 654 circumstridentium
1301 616 1465 655 terrore
1558 657 1563 660 ,

120 672 358 726 laruarum,
414 672 820 726 interfectorumque
877 675 1072 713 cateruae
1122 672 1371 713 Domitiano
1422 675 1465 713 et
1484 684 1519 709 ιο
1557 680 1564 718 ἲ

119 729 288 771 Montio
321 730 509 783 praeuiis
543 733 785 784 correptum
819 744 913 771 eum
948 755 999 759 —
1034 734 1081 771 ut
1114 731 1390 772 existimabat
1421 731 1465 771 in

120 788 281 829 somnis
297 789 484 830 —uncis
506 789 732 830 furialibus
754 788 1040 830 obiectabant.
1082 789 1145 830 18.
1166 789 1331 830 solutus
1352 790 1464 830 enim

120 847 333 900 corporeis
371 848 550 889 nexibus
584 848 750 888 animus
784 861 951 901 semper
989 848 1138 902 uigens
1178 847 1366 889 motibus
1404 848 1465 889 in-

119 905 296 946 defessis
330 908 373 946 et
405 906 742 960 cogitationibus
775 906 989 947 subiectus
1011 909 1052 946 et
1072 906 1196 959 curis,
1228 920 1335 960 quae
1356 919 1465 947 mor-

117 964 272 1005 talium
304 964 543 1005 sollicitant
575 968 749 1018 mentes,
781 964 951 1018 colligit
983 965 1075 1006 uisa
1106 968 1326 1018 nocturna,
1358 979 1463 1019 quas
1484 975 1522 1002 1⁵

118 1024 365 1075 φαντασίας
395 1037 472 1064 nos
506 1023 785 1077 appellamus.

241 1081 305 1122 19.
320 1081 538 1122 Pandente
557 1081 701 1135 itaque
722 1082 837 1123 uiam
856 1082 1043 1122 fatorum
1066 1085 1179 1123 sorte
1200 1081 1465 1135 tristissima,

120 1154 203 1193 qua
240 1140 548 1193 praestitutum
586 1143 680 1181 erat
711 1154 806 1181 eum
844 1140 936 1181 uita
974 1143 1016 1181 et
1053 1140 1234 1193 imperio
1274 1139 1464 1194 spoliari,

119 1198 346 1238 itineribus
379 1198 616 1239 interiectis
637 1198 951 1252 permutatione
972 1199 1257 1240 iumentorum
1279 1198 1464 1240 emensis

119 1256 240 1297 uenit
270 1256 553 1298 Petobionem
591 1257 792 1311 oppidum
825 1256 1099 1310 Noricorum,
1137 1257 1210 1298 ubi
1249 1259 1465 1298 reseratae
1484 1268 1523 1294 20
1558 1266 1568 1279 -’

120 1318 220 1355 sunt
251 1315 503 1356 insidiarum
540 1316 733 1356 latebrae
772 1329 935 1369 omnes,
974 1318 1018 1356 et
1049 1315 1257 1357 Barbatio
1290 1318 1465 1369 repente

119 1373 321 1427 apparuit
354 1388 512 1427 comes,
551 1374 622 1428 qui
656 1374 733 1414 sub
767 1388 815 1415 eo
848 1374 1094 1415 domesticis
1126 1373 1331 1427 praefuit,
1370 1388 1466 1415 cum

120 1430 358 1485 Apodemio
391 1436 546 1486 agente
579 1433 622 1473 in
655 1432 781 1473 rebus
814 1432 975 1474 milites
1008 1432 1176 1485 ducens,
1208 1446 1314 1486 quos
1339 1432 1465 1473 bene-

118 1489 227 1530 ficiis
260 1490 346 1531 suis
380 1491 686 1544 oppigneratos
720 1491 910 1545 elegerat
947 1491 1182 1544 imperator
1214 1493 1356 1532 certus
1387 1504 1466 1531 nec

118 1548 322 1602 praemiis
355 1563 431 1590 nec
464 1549 740 1590 miseratione
774 1549 863 1590 ulla-
895 1563 1020 1602 posse
1051 1549 1230 1590 deflecti.
1484 1558 1521 1585 25

237 1607 305 1648 20.
327 1606 503 1661 Iamque
524 1621 610 1648 non
625 1608 834 1648 umbratis
855 1608 1043 1649 fallaciis
1063 1621 1132 1649 res
1147 1607 1370 1662 agebatur,
1391 1606 1466 1648 sed

122 1679 207 1719 qua
238 1666 450 1719 palatium
483 1669 549 1707 est
581 1669 701 1707 extra
732 1679 889 1718 murosx,
921 1666 1100 1707 armatis
1133 1679 1258 1707 omne
1290 1665 1465 1707 circum-

118 1723 246 1764 dedit.
308 1724 610 1778 ingressusque
649 1724 830 1765 obscuro
875 1725 962 1765 iam
1006 1724 1090 1777 die,
1135 1723 1294 1765 ablatis
1332 1723 1464 1777 regiis

117 1782 379 1823 indumentis
401 1781 629 1824 Caesarem
649 1783 796 1824 tunica
827 1783 935 1823 texit
956 1785 998 1823 et
1030 1782 1333 1835 paludamento
1355 1795 1465 1822 com-

121 1840 257 1894 muni,
297 1855 392 1881 eum
430 1846 528 1895 post
566 1841 670 1882 haec
702 1841 810 1882 nihil
849 1855 1076 1894 passurum
1109 1841 1229 1881 uelut
1260 1840 1463 1881 mandato
1483 1849 1519 1875 ³⁰

119 1899 325 1953 principis
358 1899 526 1941 iurandi
560 1900 791 1940 crebritate
826 1900 1083 1941 confirmans
1115 1902 1158 1939 et
1188 1898 1372 1940 ‘statim'
1405 1898 1464 1939 ‘m-

120 1958 211 2011 quit
244 1957 459 2011 ‘exsurgey
492 1962 535 1999 et
567 1959 789 2012 inopinum
810 1960 1012 2011 carpento
1039 1958 1208 2012 priuato
1229 1956 1464 2011 inpositum

118 2015 171 2057 ad
204 2015 418 2057 Histriam
454 2017 574 2057 duxit
611 2030 743 2071 prope
783 2016 985 2070 oppidum
1017 2015 1188 2069 Polam,
1225 2015 1298 2056 ubi
1337 2029 1465 2069 quon-

1552 254 1559 299 ζ’

209 2157 229 2187 3
254 2153 420 2196 palatino
437 2154 568 2197 scripsi
585 2153 725 2197 palatio
743 2153 845 2188 codd.
883 2158 902 2188 6
923 2152 1022 2198 quod
1043 2153 1076 2186 G
1095 2163 1167 2196 que
1191 2152 1256 2186 VP
1293 2155 1333 2186 16
1350 2151 1465 2196 phan-

118 2197 232 2231 tasias
251 2197 322 2231 GP
346 2198 523 2232 fantasias
544 2197 619 2232 Vba
663 2201 703 2232 18
729 2198 808 2233 uita
827 2198 897 2232 ΘΑ.
921 2198 975 2232 ita
999 2197 1086 2232 VPb
1125 2197 1193 2232 ‘19
1211 2195 1415 2231 interiectis
1429 2195 1466 2230 A

632 2251 645 2268 1¹

120 2275 247 2309 eiectis
277 2274 390 2320 VPby
482 2279 525 2310 20
549 2275 769 2320 sleseruatae
806 2275 838 2309 V
865 2275 1077 2310 reseruatae
1101 2274 1138 2309 P
1227 2278 1268 2308 21
1294 2271 1465 2308 barbatio

115 2320 224 2365 Pbya
255 2320 467 2355 barbaratio
499 2320 530 2353 V
619 2324 662 2354 32
688 2330 825 2365 exurge
851 2322 890 2355 et
916 2320 949 2354 G
974 2319 1154 2364 exugeret
1182 2317 1295 2353 VPba
