1573 2508
170 52 225 95 46
696 41 764 77 xv
790 45 822 84 ε»,
848 42 947 81 3-3,
972 41 993 73 2
1530 0 1557 85 ἲ

172 144 415 189 Constantii
447 141 618 183 nomine
655 153 731 193 per
762 136 940 178 orientis
978 136 1142 175 tractus
1175 143 1323 173 omnes
1354 127 1519 170 abolito
1545 120 1557 185 Ξ

174 211 273 247 ante
307 203 465 244 dictum
486 199 636 240 ducem
667 195 783 238 domi
815 194 1003 248 forisque
1035 189 1268 233 desiderari
1297 190 1346 229 ut
1376 185 1521 228 formi-
1550 189 1555 221 ἱ

174 264 370 306 dolosum
384 258 582 301 Persicae
598 255 716 311 genti
730 252 963 307 fingebant.
983 251 1022 292 3.
1037 249 1109 291 sed
1125 251 1274 290 contra
1286 243 1526 288 accidentia
1547 235 1557 301 ζ

175 323 240 364 uir
289 317 590 373 magnanimus
635 313 781 355 stabat
824 309 1081 361 immobilis,
1124 322 1177 348 ne
1222 320 1266 347 se
1309 303 1523 359 proiceret
1549 309 1556 318 '¹

175 378 382 422 abiectius
421 390 586 427 canens,
629 386 779 427 parum
816 373 910 410 tuto
949 368 1043 409 loco
1082 363 1372 407 innocentiam
1407 326 1559 454 stare*

177 437 422 480 medullitus
468 447 654 488 gemens·‚
696 430 860 482 hocque
903 441 988 468 uno
1032 424 1198 466 tristior
1242 420 1353 477 quod
1397 419 1556 475 amici.

177 500 275 539 ante
319 495 422 536 haec
467 494 711 546 frequentes
751 487 802 529 ad
846 486 1035 540 potiores
1079 482 1347 524 desciuerant
1385 481 1434 520 ut
1470 476 1525 519 ad

178 566 443 597 successores
482 550 720 591 officiorum
759 559 875 586 more
921 546 1123 598 poscente
1168 540 1306 581 solent
1342 526 1557 578 transire?

178 615 363 656 lictores.
412 611 451 651 4.
478 606 747 662 inpugnabat
778 608 921 645 autem
953 616 1050 642 eum
1081 614 1156 654 per
1188 599 1312 639 fictae
1332 594 1524 649 benigni·
1552 580 1558 623 l

179 673 282 714 tatis
326 668 564 711 inlecebras
609 664 777 717 collega
819 668 862 702 et
911 661 1050 702 uirum
1100 658 1255 699 fortem
1302 652 1560 709 propalam!

180 745 305 784 saepe
332 727 553 782 appellans
573 722 754 765 Arbetio
777 720 828 762 ad
859 717 1133 761 innectendas
1166 714 1317 757 letales
1349 710 1526 753 insidias

182 790 295 830 uitae
317 785 502 840 simplici
522 795 729 838 perquam
749 778 908 821 callens
930 781 972 818 et
993 791 1041 818 ea
1066 776 1323 828 tempestate
1347 770 1528 812 nimium

181 851 346 902 potens,
407 849 455 885 ut
493 843 605 883 enim
644 840 944 881 subterraneus
984 848 1156 888 serpens
1200 832 1392 873 foramen
1433 827 1528 869 sub-

183 906 324 947 sidens
369 902 583 944 occultum
628 897 797 940 adsultu
843 895 985 936 subito
1036 891 1229 946 singulos
1273 887 1528 936 transitores

183 965 419 1006 obseruans
433 959 621 1011 incessit,
641 957 702 998 ita
722 955 796 996 ille
812 954 865 995 ab
881 953 967 994 ima
987 954 1102 993 sorte
1118 950 1248 991 etiam
1262 949 1364 1002 post
1378 975 1529 987 .......
1548 954 1562 991 a

184 1022 365 1064 militiae
409 1033 573 1070 munus,
616 1030 693 1057 nec
738 1014 878 1054 laesus
919 1009 1147 1064 aliquando
1184 1021 1262 1048 nec
1306 1003 1529 1046 lacessitus

184 1078 435 1134 inexplebili
480 1076 660 1131 quodam
712 1070 906 1113 laedendi
954 1067 1175 1122 proposito
1226 1061 1531 1106 conscientiam

187 1138 421 1193 polluebat.
460 1136 497 1177 ἴ).
512 1134 645 1188 igitur
665 1131 810 1185 paucis
832 1141 1082 1171 arcanorum
1096 1123 1324 1180 praefectis
1350 1119 1531 1163 consciis
1554 1124 1557 1163 ἶ

186 1199 372 1240 latenter
405 1209 501 1236 cum
532 1193 791 1246 imperatore
831 1185 1043 1228 sententia
1070 1214 1240 1225 ........
1271 1180 1315 1222 id
1353 1178 1534 1231 sederat,
1548 1190 1558 1227 ,ς

187 1259 234 1298 ut
264 1257 389 1296 nocte
421 1256 602 1294 uentura
632 1247 780 1303 procul
813 1261 838 1287 a
864 1247 1090 1298 conspectu
1112 1239 1365 1283 militarium
1383 1235 1564 1292 raptusfi

190 1314 412 1355 Vrsicinus
445 1311 714 1352 indemnatus
747 1304 1021 1356 occideretur,
1058 1305 1106 1342 ut
1144 1297 1358 1354 quondam
1387 1285 1558 1338 Domi-3

188 1374 274 1414 tius
313 1370 500 1412 Corbulo
538 1367 693 1408 dicitur
731 1377 877 1405 caesus
915 1362 960 1402 in
998 1359 1252 1401 conluuione
1290 1355 1369 1397 illa
1399 1353 1534 1395 Nero-

188 1431 305 1473 niani
344 1428 516 1480 saeculi,
552 1423 868 1480 prouinciarum
907 1419 1015 1460 fidus
1053 1418 1250 1459 defensor
1287 1419 1332 1456 et
1375 1414 1535 1454 cautus.

191 1491 229 1531 6.
251 1489 404 1544 quibus
424 1487 487 1528 ita
507 1482 741 1538 conpositis
762 1495 857 1522 cum
877 1479 929 1520 ad
949 1478 1029 1518 hoc
1049 1475 1253 1517 destinati
1272 1470 1535 1528 praedictum

191 1555 359 1602 tempus
393 1544 702 1600 opperirentur,
734 1538 911 1580 consilio
950 1537 995 1577 in
1025 1533 1304 1576 lenitudinem
1336 1530 1457 1579 flexo¹
1476 1527 1563 1569 fad

192 1607 310 1648 cinus
342 1604 521 1658 impium
542 1601 593 1643 ad
619 1597 970 1641 deliberationem
992 1592 1218 1635 secundam
1239 1588 1397 1632 differri
1417 1599 1537 1642 prae-

193 1669 362 1719 ceptum
395 1668 471 1704 est.
1557 1690 1559 1694 Α

313 1724 350 1763 7.
371 1721 556 1774 Indeque
577 1718 628 1760 ad
643 1716 857 1758 Iulianum
877 1727 1022 1754 recens
1043 1709 1293 1765 perductum
1308 1703 1538 1747 calumnia-

194 1797 286 1823 rum
320 1780 503 1822 uertitm·
535 1776 732 1818 machina
751 1770 1075 1814 memorabilem
1107 1772 1259 1822 postea
1289 1763 1538 1820 principem,

196 1840 367 1895 gemino
401 1837 589 1890 crimine,
632 1838 678 1875 ut
722 1831 926 1886 iniquitas
960 1827 1228 1878 aestimabat,
1276 1821 1564 1877 inplicitum21

196 1898 307 1953 quod
341 1913 365 1938 a
395 1895 567 1937 Macelli
599 1891 728 1934 fundo
760 1890 804 1931 in
833 1886 1101 1942 Cappadocia
1132 1884 1273 1939 posito
1306 1880 1357 1924 ad
1389 1879 1540 1922 Asiam

195 1957 458 2010 demigrarat
477 1952 722 1994 liberalium
742 1947 951 1989 desiderio
971 1944 1259 1986 doctrinarum
1284 1943 1321 1982 et
1338 1953 1414 1994 per
1433 1936 1540 1979 Con·

198 2013 523 2067 stantinopolim
549 2010 844 2052 transeuntem
869 2004 1036 2046 uiderat
1054 2002 1244 2044 fratrem.
1294 1999 1332 2041 8.
1352 1997 1425 2052 qui
1445 2009 1540 2038 cum

289 2156 309 2184 5
334 2152 430 2184 stare
464 2149 527 2182 VI’
621 2151 638 2181 7
670 2150 711 2180 ut
735 2146 768 2179 G
799 2146 837 2179 et
866 2142 979 2177 VPba
1058 2144 1079 2175 8
1114 2138 1272 2174 transire
1305 2135 1409 2180 Pbya
1439 2134 1543 2168 trans

199 2195 293 2247 re—V
354 2199 391 2228 11
413 2193 546 2227 arbitio
564 2191 668 2225 VGP
749 2194 789 2224 15
814 2186 1009 2222 addiemae
1034 2186 1150 2220 sortes
1175 2182 1287 2218 etiam
1337 2180 1394 2216 ost
1407 2177 1503 2257 ιΒῖικε.
1521 2180 1543 2211 8

199 2239 284 2284 lata]
332 2239 398 2273 VP
438 2239 631 2281 acceptum
672 2234 827 2269 inseruit
857 2230 1032 2277 Eyssenh.
1117 2229 1186 2262 ‘18
1217 2235 1260 2261 co
1291 2225 1299 2232 ’
1346 2234 1364 2258 r
1439 2221 1544 2266 Pbya

204 2289 244 2319 19
284 2283 471 2318 sententia
485 2307 654 2317 ........
695 2278 731 2312 id
779 2277 845 2312 VP
884 2275 1108 2311 sententiam
1151 2237 1308 2317 roganzle
1354 2267 1394 2302 id
1431 2265 1547 2310 mayo-

200 2334 242 2364 22
268 2327 420 2362 curbulo
452 2326 483 2360 V
538 2330 579 2360 32
606 2328 643 2359 ct
666 2334 731 2359 om.
757 2322 859 2358 codd.
930 2321 1001 2354 *33
1026 2317 1193 2353 uideram
1229 2314 1297 2349 VP
