1614 2549
351 86 688 122 CONSTANTIVS
713 87 777 122 ET
802 87 1034 123 IVLIANVS
1059 92 1125 124 359
1332 91 1412 134 173

66 181 251 237 Singara
269 181 550 236 possederant
568 180 740 235 Persae,
770 181 951 224 uulnera
970 183 1254 225 inferentibus
1274 184 1413 238 plura.

63 242 103 283 9.
133 255 317 295 namque
348 239 515 281 uiribus
548 240 741 281 collectis
779 244 1122 295 propugnatores
1160 242 1322 284 omissa
1352 243 1413 284 111-

13 311 15 315 ’
64 300 212 342 cissim
255 299 490 340 certamina
533 301 777 353 repetentes
827 299 873 340 in
920 301 1109 342 maximo
1160 300 1413 343 defendendi

12 378 15 383 ’
63 359 216 400 ardore
237 358 372 399 saucii
402 357 642 412 perniciose
662 357 883 411 cadebant,
904 361 980 400 aut
1011 359 1168 400 laniati
1198 359 1411 402 uoluendo

27 428 44 456 5
64 419 228 458 stantes
260 417 454 470 proxime
487 416 809 469 subuertebant,
842 420 916 457 aut
949 420 1061 458 certe
1085 419 1251 472 spicula
1283 434 1412 460 mem-

61 475 151 517 bris
191 475 325 516 infixa
363 476 559 516 uiuentes
603 474 739 516 adhuc
777 475 966 517 uellendi
1003 477 1167 530 peritos
1201 478 1413 531 quaerita-

61 535 179 576 bant.
244 535 310 575 10.
341 534 404 575 ita
437 537 605 588 strages
639 533 861 588 stragibus
888 534 1119 589 inplicatas
1141 538 1184 576 et
1205 536 1257 577 ad
1278 539 1413 578 extre-

61 608 179 634 mum
210 607 344 647 usque
376 593 461 633 diei
491 592 722 646 productas
754 607 807 633 ne
840 594 1112 647 uespertinae
1139 594 1310 649 quidem
1341 595 1413 636 he-

61 652 317 693 betauerunt
355 652 559 692 tenebrae
599 666 649 692 ea
686 665 744 704 re,
786 652 899 706 quod
931 652 1222 694 obstinatione
1264 654 1412 694 utrim-

26 721 43 747 0
62 725 142 765 que
174 723 335 764 magna
354 710 671 751 decernebam:
719 711 784 752 11.
805 710 984 764 agitatis
1017 712 1162 766 itaque
1184 712 1262 753 sub
1285 727 1412 753 onere

62 783 278 810 armorum
315 769 482 824 uigiliis
521 769 798 810 resultabant
836 769 1092 811 altrinsecus
1132 771 1292 812 exortis
1332 771 1414 812 cla-

61 828 255 869 moribus
287 828 419 869 colles
450 828 612 869 nostris
644 828 827 869 uirtutes
861 827 1089 870 Constanti
1115 827 1314 871 Caesaris
1347 844 1413 870 ex-

59 887 315 928 tollentibus
348 890 395 928 nt
416 887 578 928 domini
609 901 751 928 rerum
784 889 827 927 et
847 888 1006 941 mundi,
1038 888 1182 929 Persis
1205 887 1413 942 Saporem

61 960 318 987 saansaan
351 945 670 999 appellantibus
692 948 735 986 et
765 945 996 999 pirosen7
1028 947 1139 1001 quod
1159 962 1246 988 rex
1278 947 1413 1001 regi-

10 1014 42 1041 15
61 1004 152 1045 bus
198 1005 454 1058 imperans
500 1007 547 1044 et
587 1004 845 1045 bellorum
883 1005 1052 1046 uictor
1089 1005 1413 1060 interpretatur.

182 1064 248 1104 12.
278 1062 342 1104 Ac
372 1063 624 1117 priusquam
656 1063 730 1104 lux
761 1066 983 1117 occiperet,
1016 1064 1140 1118 signo
1172 1079 1248 1118 per
1280 1064 1412 1106 lituos

60 1122 161 1163 dato
184 1122 237 1163 ad
267 1121 483 1162 feruorem
516 1122 724 1162 similium
755 1122 1019 1175 proeliorum
1040 1124 1205 1164 excitae
1225 1123 1412 1178 undique

59 1180 401 1222 inaestimabiles
423 1181 570 1234 copiae
591 1181 636 1222 in
654 1180 829 1221 modum
849 1181 1003 1222 alitmn
1022 1181 1284 1235 ferebantur,
1303 1182 1412 1223 unde

12 1271 15 1282 „
60 1239 189 1293 longe
221 1254 270 1281 ac
307 1239 396 1280 late
434 1239 622 1293 prospici
657 1242 831 1293 poterat
864 1240 1026 1294 eampis
1066 1243 1109 1281 et
1140 1241 1412 1282 conuallibus

12 1299 42 1336 ὀ
59 1298 170 1339 1111111
201 1300 375 1352 praeter
408 1313 528 1339 arma
560 1299 766 1339 micantia
798 1298 986 1339 ferarum
1017 1300 1213 1353 gentium
1245 1300 1414 1341 demon-

61 1357 312 1398 strantibus.
384 1357 449 1398 13.
487 1371 669 1411 moxque
709 1357 896 1398 clamore
935 1358 1108 1399 sublato
1150 1359 1314 1399 cunctis
1353 1362 1413 1400 te-

60 1430 176 1457 mere
219 1416 598 1470 prorumpentibus
643 1416 830 1457 telorum
872 1416 937 1457 uis
982 1417 1134 1471 ingens
1172 1417 1352 1459 uolabat
1390 1432 1412 1459 e

59 1475 207 1528 muris,
238 1478 370 1529 utque
403 1474 573 1528 opinari
604 1474 801 1528 dabatur,
832 1475 953 1517 nulla
985 1476 1146 1517 frustra
1183 1476 1414 1518 mitteban-

59 1536 131 1575 tur
163 1534 276 1574 inter
307 1533 534 1574 hominum
567 1533 765 1574 cadentia
796 1533 1068 1576 densitatem.
1112 1537 1179 1576 tot
1200 1535 1314 1576 enim
1333 1550 1412 1577 nos

12 1590 44 1652 25
64 1592 444 1634 circumstantibus
483 1592 611 1634 malis
649 1607 736 1634 non
774 1593 1031 1635 obtinendae
1077 1609 1204 1635 causa
1249 1594 1414 1648 salutis,

59 1654 109 1692 ut
128 1651 228 1705 dixi,
261 1651 333 1692 sed
364 1651 536 1692 fortiter
568 1651 778 1692 moriendi
810 1652 951 1693 studio
983 1653 1286 1707 flagrabamus‘,
1319 1656 1361 1694 et
1387 1668 1413 1694 a

13 1708 15 1754 J
60 1710 146 1751 (1131
193 1710 405 1764 principio
458 1710 510 1751 ad
560 1724 693 1764 usque
742 1710 883 1751 lucem
933 1711 1162 1753 obscuram
1210 1712 1413 1753 neutrubi

58 1769 225 1822 proelio
257 1769 466 1810 inclinato
499 1769 680 1810 ferocius
704 1784 831 1823 quam
854 1770 1092 1812 consultius
1124 1771 1413 1825 pugnabatiu·.

61 1827 329 1882 exurgebant
361 1828 474 1868 enim
506 1828 713 1869 ruentium
744 1829 1083 1884 terrentiumque
1117 1830 1326 1870 clamores
1364 1832 1413 1871 ut

59 1901 162 1940 prae
195 1886 420 1927 alacritate
461 1887 695 1928 consistere
736 1887 826 1927 sine
865 1888 1042 1929 uulnere
1080 1889 1153 1929 uix
1186 1888 1412 1942 quisquam

12 1945 18 1966 ²'
59 1945 211 1998 possit.
276 1945 341 1986 14.
380 1945 636 2000 tandemque
675 1959 761 1986 nox
802 1945 933 1987 finem
977 1947 1178 1988 caedibus
1223 1946 1326 1987 fecit
1370 1949 1413 1987 et

13 1997 20 2033 ⁵1
61 2003 196 2045 satias
229 2018 531 2045 aerumnarum
556 2004 743 2045 indutias
765 2004 962 2057 partibus
984 2005 1159 2046 dederat
1179 2005 1412 2060 longiores.

150 2163 171 2193 8
197 2159 273 2194 diei
302 2159 407 2194 VAP
431 2159 531 2194 diem
556 2161 601 2204 bg]
692 2160 962 2195 habitauerunt
998 2160 1045 2193 V¹
1144 2165 1184 2196 13
1210 2161 1352 2195 domini
1379 2161 1413 2195 G

61 2204 162 2238 omni
202 2204 236 2237 V
326 2209 368 2239 14
404 2215 584 2239 saansaan
627 2205 715 2239 VPr
750 2205 1005 2240 Achemenem
1041 2206 1109 2251 bya
1200 2206 1300 2250 piros
1305 2217 1350 2240 en
1382 2206 1417 2240 V

59 2249 293 2284 Artaxerxen
310 2249 407 2294 bqa(
395 2250 456 2293 (cf.
472 2250 590 2284 Paulz
607 2250 664 2285 La
692 2250 783 2284 aide
806 2251 983 2294 opuscula
1001 2260 1042 2293 p.
1062 2252 1156 2294 179.)
1174 2261 1239 2285 rex
1261 2250 1328 2284 VA
1344 2261 1412 2288 om.

13 2326 19 2336 s
66 2294 148 2338 qu
239 2298 282 2329 29
312 2295 503 2329 ruentium
535 2295 624 2330 add.
662 2261 831 2330 ii'azesius
863 2305 932 2330 om.
971 2295 1076 2330 codd.
1115 2296 1412 2340 terrentiumque

14 2383 21 2420 3
68 2370 172 2405 codd.
196 2371 485 2417 ferientiumque
507 2372 682 2408 ‚Valesms
774 2376 816 2407 32
842 2374 930 2408 satis
960 2373 994 2406 V
1028 2375 1116 2409 satis
1147 2375 1191 2418 bg]
1228 2375 1326 2408 satas
1357 2375 1414 2408 Pr
