1573 2508
89 121 170 164 136
579 118 682 154 XVII
709 123 760 162 12,
788 122 918 154 11-21

89 215 239 270 clipeis
289 215 474 268 telisque
524 213 728 267 proiectis
785 227 936 255 manus
984 213 1183 268 precibus
1233 213 1441 256 dederunt

87 274 215 328 plura
247 273 541 325 excogitantes
561 274 611 313 ut
641 272 863 313 uincerent
893 271 1144 313 humilitate
1171 271 1441 327 supplicandi

90 332 293 386 regalem.
359 332 424 371 11.
474 331 652 372 duxerat
701 331 845 385 potior
889 345 985 372 cum
1029 330 1181 372 ceteris
1226 330 1439 372 Sarmatis

89 392 221 432 etiam
253 390 496 431 Rumonem
529 392 572 430 et
604 389 824 430 Zinafrum
857 392 900 430 et
924 388 1202 443 Fragiledum
1234 389 1439 443 subregu-

89 450 154 490 los
186 448 481 502 plurimosque
514 448 747 502 optimates
780 462 875 489 cum
908 447 1153 502 inpetrandi
1185 462 1258 502 spe
1279 447 1475 489 similia⁵

90 507 313 562 petituros.
358 507 442 561 qui,
475 507 576 548 licet
608 507 711 548 elati
738 506 896 560 gaudio
924 507 1077 548 salutis
1110 506 1314 559 indultae,
1346 520 1441 548 con-

90 566 306 607 dicionum
339 566 506 607 sarcina
537 580 798 619 conpensare
831 565 1003 606 inimice
1035 566 1150 606 facta
1181 564 1442 618 polliceban-

90 627 161 666 tur
200 639 328 678 seque
367 638 463 665 cum
501 624 784 665 facultatibus
823 627 866 665 et
909 624 1060 665 liberis
1104 626 1147 664 et
1185 623 1440 676 coniugibus

90 686 390 737 terrarumque
423 697 597 724 suarum
630 683 797 724 ambitu
818 682 1036 724 Romanae
1068 682 1287 736 potentiae
1309 681 1441 722 liben-

92 744 159 783 ter
192 742 470 795 offerrebant,
501 741 746 795 praeualuit
777 743 923 782 tamen
955 741 1163 795 aequitati
1196 741 1342 781 iuncta
1373 740 1442 781 be—
1462 745 1495 771 1⁰

89 800 282 854 nignitas
314 800 504 854 iussique
537 800 733 841 obtinere
767 799 886 841 sedes
924 799 1116 853 inpauidi
1148 802 1320 840 nostros
1351 798 1441 839 red-

95 859 236 900 didere
281 859 487 912 captiuos.
554 858 853 912 duxeruntque
898 858 1068 899 obsides
1112 857 1355 912 postulatos
1400 859 1444 898 et

93 918 266 959 obedire
300 917 539 970 praeceptis
572 917 721 957 deinde
753 916 1076 970 promptissime
1110 916 1443 970 spoponderunt.

94 976 159 1018 12.
198 975 400 1017 hortante
438 975 519 1017 hoc
552 976 747 1029 exemplo
787 975 1039 1016 clementiae
1078 974 1338 1016 aduolanmt
1380 988 1443 1015 re·
1493 1006 1501 1014 .

91 1035 213 1089 gales
253 1049 349 1075 cum
389 1035 477 1074 suis
523 1034 722 1075 omnibus
760 1033 1002 1074 Araharius
1047 1036 1090 1074 et
1130 1032 1286 1074 Vsafer
1331 1033 1442 1074 inter
1462 1036 1497 1063 15

92 1093 324 1147 optimates
358 1093 627 1145 excellentes,
660 1093 881 1146 agminum
914 1092 1143 1145 gentilium
1171 1092 1309 1145 duces,
1342 1105 1442 1145 quo-

95 1166 191 1192 rum
224 1151 334 1192 alter
354 1150 790 1204 Transiugitanorum
811 1150 1142 1204 Quadorumque
1174 1149 1300 1203 parti,
1333 1149 1442 1190 alter

92 1209 349 1264 quibusdam
371 1208 581 1250 Sarmatis
614 1212 811 1263 praeerat
831 1209 1023 1250 locorum
1044 1208 1238 1249 confiniis
1273 1210 1315 1249 et
1346 1207 1443 1249 feri-

91 1272 183 1311 tate
215 1268 517 1309 iunctissimis:
551 1282 733 1322 quorum
754 1268 924 1321 plebem
946 1267 1084 1308 arcuit
1116 1267 1365 1321 imperator,
1389 1280 1443 1307 ne

92 1327 222 1369 ferire
254 1326 425 1368 foedera
457 1327 666 1367 simulans
706 1327 750 1367 in
782 1341 903 1367 arma
935 1328 1108 1379 repente
1147 1327 1497 1379 eonS11rgeret320

91 1386 275 1427 discreto
309 1386 525 1426 consortio
558 1399 634 1439 pro
657 1384 869 1426 Sarmatis
890 1385 1164 1426 obsecrantes
1184 1384 1312 1425 iussit
1342 1398 1443 1438 pau-

92 1444 225 1498 lisper
258 1444 485 1485 abscedere
518 1445 618 1485 dum
640 1443 845 1485 Araharii
877 1446 919 1484 et
940 1443 1187 1492 Quadorum
1218 1443 1442 1496 negotium

93 1505 370 1558 spectaretur.
436 1503 501 1543 13.
540 1503 612 1557 qui
647 1517 741 1544 cuin
774 1516 945 1543 reorum
976 1502 1064 1542 ritu
1096 1501 1245 1554 oblati,
1277 1504 1442 1542 stantes

93 1563 283 1603 curuatis
316 1561 566 1615 corporibus
599 1561 791 1602 facinora
830 1560 983 1615 grauia
1014 1573 1199 1613 purgare
1230 1574 1317 1600 non
1347 1573 1442 1613 pos-

94 1624 199 1672 sent,
232 1620 412 1661 ultimae
445 1620 576 1661 sortis
603 1619 841 1661 infortunia
872 1621 1112 1660 metuentes
1145 1617 1352 1659 dederunt
1371 1617 1442 1659 ob-
1461 1622 1498 1648 ²⁵

95 1679 206 1720 sides
240 1679 487 1731 imperatos,
518 1693 754 1732 numquam
788 1680 915 1718 antea
946 1677 1130 1730 pignora
1160 1677 1343 1718 foederis
1377 1691 1443 1717 ex-

92 1737 241 1778 hibere
274 1737 481 1790 conpulsi.
530 1737 593 1777 14.
626 1737 692 1777 his
727 1751 775 1777 ex
809 1750 944 1790 aequo
978 1736 1174 1789 bonoque
1207 1735 1441 1788 conpositis

93 1795 248 1837 Vsafer
288 1795 333 1836 in
370 1810 517 1848 preces
557 1795 767 1836 admissus
807 1798 872 1835 est
910 1793 1122 1835 Arahario
1166 1793 1442 1847 pertinaciter

95 1854 369 1908 obstrepente
402 1854 685 1908 firiuantecpie
718 1868 879 1907 pacem,
911 1867 1039 1906 quam
1073 1853 1164 1905 ipse
1197 1852 1371 1905 meruit,
1403 1851 1442 1892 ei

94 1927 261 1967 quoque
294 1912 445 1953 debere
478 1912 682 1966 proficere
716 1915 763 1953 ut
799 1911 1001 1966 participi
1039 1911 1142 1951 licet
1174 1910 1367 1951 inferiori
1399 1912 1442 1951 et
1461 1924 1497 1950 so

94 1971 390 2025 obtemperare
423 1971 512 2012 suis
545 1971 736 2025 imperiis
770 1973 985 2011 consueto.
1038 1969 1103 2010 15.
1136 1983 1286 2010 uerum
1319 1982 1442 2023 quae-

95 2029 234 2070 stione
267 2030 475 2082 discussa,
515 2030 655 2071 aliena
693 2032 907 2083 potestate
940 2028 1047 2081 eripi
1080 2027 1304 2069 Sarmatae
1337 2027 1442 2068 iussi

94 2091 144 2128 ut
176 2103 344 2141 semper
375 2087 669 2129 Romanorum
702 2088 879 2129 clientes
901 2087 1051 2128 offerre
1084 2086 1252 2127 obsides
1285 2085 1442 2140 quietis

184 2223 203 2253 3
257 2221 352 2252 otior
386 2219 455 2253 ΟΛ
489 2219 610 2263 patior
645 2219 733 2253 VPb
807 2222 827 2251 Γ)
865 2228 929 2262 spe
963 2217 997 2251 G
1029 2228 1094 2262 spo
1125 2216 1373 2259 com-similia)
1404 2216 1440 2250 A

95 2263 218 2308 specie
271 2264 326 2297 Pb
377 2268 416 2297 10
434 2264 610 2297 offerrent
626 2263 728 2297 codd.
781 2266 819 2297 16
838 2262 1063 2296 excellentes
1082 2262 1148 2306 bya
1166 2261 1351 2295 excellens
1372 2259 1441 2294 VP

96 2312 136 2343 17
168 2308 523 2352 transfugitanorum
555 2308 643 2342 VPb
738 2312 777 2341 19
804 2307 923 2341 arcuit
949 2307 982 2341 G
1007 2307 1126 2340 acrius
1156 2306 1268 2340 VPba
1298 2305 1465 2351 ueritus(

100 2352 267 2388 Valesius
335 2357 378 2386 22
403 2353 571 2386 Araharii
599 2353 664 2389 (sic
693 2363 762 2386 sem
782 2354 842 2394 mr)
870 2352 902 2385 G
934 2351 1096 2385 barbarii
1126 2350 1158 2384 V
1179 2350 1379 2384 barbarum
1404 2349 1465 2390 P,

96 2401 138 2432 23
156 2408 304 2432 reorum
330 2397 529 2434 Lindenbr.
557 2408 681 2431 eorum
708 2407 746 2432 co
776 2396 814 2431 d.
906 2400 949 2430 29
975 2395 1232 2439 obstrepentes
1261 2394 1329 2428 VP
