1614 2549
616 58 849 94 IVLIANVS
875 63 940 94 363
1369 61 1450 102 327

102 154 189 196 trix
219 154 338 194 natio
371 156 413 194 et
449 152 720 194 formidanda
755 156 855 206 post
891 152 1090 206 Parthos,
1129 153 1282 207 quibus
1322 153 1452 194 uinci-

102 215 174 254 tur
212 212 328 265 solis,
371 211 568 265 regiones
612 211 860 252 inhabitans
899 211 952 252 ad
995 211 1180 265 speciem
1218 211 1451 265 quadratae

103 270 266 325 figurae
298 269 519 311 formatas.
580 269 734 311 harum
766 272 979 310 terrarum
1020 270 1186 311 incolae
1219 284 1365 311 omnes
1399 270 1451 310 ad

102 328 378 370 latitudinem
408 328 590 369 nimiam
623 328 921 381 extenduntur,
954 328 1099 382 eisque
1125 328 1338 369 maximae
1371 328 1451 368 cel-

67 403 84 428 5
105 387 313 428 situdines
353 387 582 428 imminent
614 387 838 439 montium,
877 401 983 440 quos
1016 386 1204 441 Zagrum
1243 389 1285 427 et
1318 385 1450 427 Oron-

102 449 192 487 tem
230 448 273 486 et
304 445 524 486 Iasonium
563 448 732 486 uocant.
794 445 861 486 29.
895 443 1052 486 Coroni
1085 459 1252 499 quoque
1290 445 1449 486 montis

102 504 306 545 altissimi
324 507 493 557 partem
511 503 758 545 habitantes
779 503 999 544 occiduam
1019 503 1312 544 frumentariis
1333 503 1449 557 agris

101 563 295 604 adfluunt
314 565 357 603 et
377 562 569 615 uinariis,
601 562 752 616 pingui
782 561 1044 603 fecunditate
1066 562 1295 602 laetissimi
1320 564 1358 602 et
1375 561 1451 602 flu-

101 621 289 662 minibus
311 621 583 674 fontiumque
603 621 724 661 uenis
756 620 929 674 liquidis
950 620 1197 673 locupletes.
1230 620 1298 661 30.
1320 619 1450 660 edunt
1522 660 1523 668 ,

48 689 81 714 10
100 679 213 734 apud
256 693 329 721 eos
379 682 505 733 prata
559 679 745 720 uirentia
801 679 914 720 fetus
969 693 1176 733 equorum
1223 678 1448 730 nobilium,
1508 696 1516 726 μ

102 738 271 793 quibus,
308 741 356 779 ut
397 738 625 791 scriptores
665 737 832 792 antiqui
865 737 1018 778 docent
1056 751 1218 791 nosque
1250 736 1449 789 uidimus,

100 797 294 838 ineuntes
326 796 490 850 proelia
521 797 604 837 uiri
638 798 871 837 summates
903 795 1003 837 uehi
1024 796 1264 836 exultantes
1298 795 1449 849 solent,

101 870 207 909 quos
239 855 429 896 Nesaeos
463 855 690 908 appellant.
752 855 819 896 31.
858 854 1048 895 abundat
1092 868 1225 908 aeque
1264 853 1449 894 ciuitati-

99 914 178 955 bus
211 914 373 955 ditibus
412 913 555 954 Media
593 916 635 954 et
672 913 779 954 uicis
812 914 857 953 in
888 913 1062 953 modum
1096 911 1349 965 oppidorum
1383 926 1449 952 ex-

47 982 80 1008 15
101 972 274 1014 structis
308 975 350 1013 et
381 972 657 1013 multitudine
689 971 938 1012 incolarum.
999 974 1130 1025 utque
1164 970 1358 1011 absolute
1390 970 1449 1010 di-

100 1034 233 1084 catur,
265 1031 532 1072 uberrimum
565 1033 631 1071 est
662 1030 958 1071 habitaculum
989 1043 1151 1083 regum.

217 1089 285 1131 32.
317 1089 368 1130 In
398 1088 466 1129 his
499 1089 710 1130 tractibus
742 1088 970 1142 Magorum
1002 1088 1095 1142 agri
1135 1089 1235 1128 sunt
1271 1087 1447 1139 fertiles,

100 1162 226 1202 super
249 1162 431 1202 quorum
452 1150 568 1189 secta
601 1147 849 1201 studiisque,
871 1147 1074 1200 quoniam
1094 1146 1176 1187 huc
1208 1145 1448 1197 incidimus,

98 1221 235 1261 pauca
278 1206 502 1248 conueniet
553 1206 753 1260 expediri.
814 1205 1004 1259 magiam
1048 1205 1298 1258 opinionum
1347 1203 1449 1244 insi-

45 1277 79 1301 20
100 1265 251 1319 guium
296 1268 445 1306 auctor
489 1264 778 1318 amplissimus
816 1263 940 1305 Plato
985 1263 1316 1317 machagistiam
1356 1277 1446 1304 esse

98 1324 230 1365 uerbo
257 1324 440 1378 mystico
469 1324 608 1377 docet,
635 1323 879 1364 diuinorum
906 1321 1331 1375 incorruptissimum
1363 1320 1448 1361 cul-

97 1386 203 1436 tum,
248 1382 367 1423 ouius
406 1382 610 1423 scientiae
654 1381 835 1423 saeculis
872 1381 1026 1434 priscis
1064 1380 1202 1421 multa
1242 1394 1292 1420 ex
1323 1378 1448 1420 Chal-

97 1441 302 1482 daeorum
335 1441 501 1482 arcanis
534 1440 787 1481 Bactrianus
820 1439 982 1480 ac‘lidit
1002 1439 1264 1492 Zoroastres,
1296 1438 1446 1479 deinde

96 1499 338 1554 Hystaspes
382 1514 457 1540 rex
500 1499 858 1552 prudentissimus
902 1498 1034 1539 Darei
1071 1500 1206 1551 pater.
1267 1497 1336 1538 33.
1375 1497 1447 1551 qui

44 1568 78 1593 25
98 1572 194 1600 cum
226 1558 459 1612 superioris
491 1557 638 1598 Indiae
671 1560 835 1598 secreta
865 1556 1066 1597 fidentius
1098 1558 1355 1609 penetraret,
1395 1555 1446 1596 ad

96 1631 371 1658 nemorosam
403 1616 617 1670 quandam
649 1619 827 1657 uenerat
859 1615 1147 1668 solitudinem,
1180 1614 1299 1655 cuius
1332 1617 1446 1655 tran-

97 1675 242 1730 quillis
276 1675 458 1716 silentiis
490 1675 708 1728 praecelsa
727 1673 1096 1715 Brachmanorum
1127 1673 1301 1727 ingenia
1337 1674 1447 1727 poti-

96 1737 239 1787 untur,
277 1747 509 1787 eorumque
546 1733 714 1774 monitu
751 1733 940 1774 rationes
979 1732 1185 1773 mundani
1222 1734 1365 1773 motus
1405 1733 1447 1772 et

97 1793 285 1834 siderum
327 1806 542 1846 purosque
587 1806 807 1832 sacrorum
850 1791 959 1831 ritus
1003 1793 1211 1844 quantum
1243 1790 1444 1844 colligere

42 1863 77 1888 30
96 1851 241 1905 potuit
274 1851 479 1903 eruditus,
523 1865 573 1891 ex
610 1850 691 1902 his,
729 1864 836 1904 quae
868 1849 1027 1902 didicit,
1066 1849 1211 1902 aliqua
1249 1848 1444 1889 sensibus

96 1922 322 1963 magorum
342 1909 512 1962 infudit,
545 1923 652 1963 quae
672 1908 736 1949 illi
757 1922 852 1949 cum
873 1907 1111 1961 disciplinis
1132 1907 1446 1960 praesentiendi

95 1968 241 2009 futura
271 1982 348 2022 per
380 1982 502 2008 suam
522 1967 699 2022 quisque
728 1966 979 2021 progeniem
1010 1965 1196 2020 posteris
1230 1965 1443 2007 aetatibus

187 2069 207 2100 5
231 2064 392 2109 Zagrum
416 2064 452 2098 A
476 2064 631 2108 Zagram
671 2064 704 2098 G
739 2074 884 2098 zaoram
913 2063 980 2097 VP
1084 2065 1104 2096 8
1135 2063 1174 2096 et
1207 2072 1273 2097 om.
1308 2062 1445 2107 Vqua

96 2114 116 2144 9
143 2109 261 2144 edunt
282 2109 412 2151 scripsi
436 2109 527 2143 dent
555 2108 623 2143 VP
647 2109 733 2142 sunt
756 2109 825 2152 bya
855 2107 1015 2142 tondent
1037 2107 1170 2151 Haupt
1308 2111 1349 2141 12
1373 2107 1445 2142 uiri

96 2154 184 2199 rbqa
222 2154 298 2188 utri
341 2154 409 2189 VP
444 2154 646 2187 summates
685 2153 819 2196 Haupt
858 2163 1003 2186 summa
1032 2152 1100 2186 VP
1131 2163 1275 2186 summa
1299 2151 1338 2185 ui
1377 2152 1445 2196 bqa

98 2202 139 2232 13
165 2209 285 2242 aeque
305 2198 338 2233 G
362 2198 473 2242 iaque
496 2198 609 2232 VPba
654 2202 693 2231 14
711 2197 850 2231 ditibus
869 2197 1002 2240 Haupt
1027 2196 1161 2240 quibus
1178 2197 1281 2231 codd.
1332 2200 1372 2231 15
1389 2197 1446 2230 ut-

97 2254 169 2287 que
198 2243 232 2278 G
256 2254 350 2287 quae
379 2243 494 2278 VPba
588 2247 627 2277 17
653 2253 715 2276 ma
743 2252 849 2276 orum
874 2242 954 2286 agri
976 2241 1009 2276 G
1032 2251 1093 2275 ma
1127 2252 1247 2283 ‚orum
1272 2244 1392 2286 magri
1414 2241 1449 2274 V

97 2291 141 2322 20
163 2288 271 2338 placo
301 2287 335 2322 V
424 2292 468 2322 23
493 2288 698 2322 zoroastres
716 2254 847 2321 gV¹GA
874 2287 1058 2321 zoroastes
1087 2253 1193 2320 &Pb
1283 2290 1326 2320 ‘29
1352 2285 1445 2320 ritus

97 2332 164 2376 bya
188 2333 312 2377 peitus
340 2332 408 2366 VP
500 2337 541 2367 31
567 2342 790 2376 magnorum
819 2331 886 2366 VP
