1614 2549
169 0 212 68 “l

139 69 190 143 ll
397 76 736 112 CONSTANTIVS
760 75 822 110 ET
845 75 1078 112 IVLIANVS
1103 80 1170 113 359
1386 79 1466 121 147

128 147 141 161 f

112 170 370 226 Delphidius
391 173 537 212 orator
557 171 790 212 acerrimus
810 171 1089 212 uehementer
1104 185 1201 213 eum
1221 171 1468 226 inpugnans

112 230 467 272 documentorum
498 229 645 284 inopia
675 231 865 284 percitus
899 230 1160 271 exclamauit
1191 229 1362 284 ‘ecquis,
1393 231 1469 272 flo-

110 288 356 331 rentissime
389 287 564 341 Caesar,
602 303 759 330 nocens
793 303 885 330 esse
916 290 1077 342 poterit
1108 303 1293 343 usquam
1331 290 1368 330 si
1398 303 1469 331 ne-

110 361 213 403 gare
246 347 472 389 sufficiet?'
523 350 673 389 contra
695 362 821 402 quem
841 347 1036 388 Iulianus
1068 348 1302 402 prudenter
1320 351 1466 389 motus

75 419 91 445 5
112 421 162 449 ex
193 409 388 461 tempore
419 406 588 462 ‘ecquis’
621 406 683 448 ait
714 406 929 448 ‘innocens
963 420 1055 447 esse
1085 406 1248 460 poterit
1280 407 1317 448 si
1349 421 1468 448 accu-

112 480 228 507 sasse
261 464 494 507 sufficietP’
557 467 600 506 et
630 465 735 506 haec
766 465 936 519 quidem
958 467 1001 506 et
1032 464 1160 506 huius
1194 465 1310 506 modi
1329 465 1470 506 multa

113 524 274 566 ciuilia.

231 582 274 624 2.
312 584 347 624 1.
376 582 643 637 Egressurus
677 584 821 623 autem
848 582 901 623 ad
931 582 1203 636 procinctum
1222 585 1466 636 urgentem,

112 657 208 683 cum
240 642 583 683 Alamannorum
620 654 756 695 pagos
796 641 965 695 aliquos
1005 656 1096 682 esse
1133 643 1355 694 reputaret
1392 641 1469 682 ho-

58 713 91 738 10
112 701 233 742 stiles
262 704 304 742 et
321 715 508 741 -ausuros
540 700 742 753 inmania,
774 700 820 740 ni
851 699 934 754 ipsi
955 714 1124 754 quoque
1145 699 1198 741 ad
1224 702 1467 741 ceterorum

112 761 405 801 sternerentur
437 759 643 813 exempla,
675 758 884 800 haerebat
905 759 1056 800 anxius
1078 773 1162 813 qua
1193 759 1255 811 ui,
1289 773 1373 812 qua
1406 773 1468 799 ce-

110 818 295 872 leritate,
328 833 424 859 cum
456 818 646 872 primum
678 818 790 859 ratio
824 818 992 871 copiam
1023 818 1262 871 tribuisset,
1294 831 1468 858 rumore

111 892 342 932 praecurso
368 880 508 918 terras
542 892 689 918 eorum
721 877 945 917 inuaderet
976 877 1239 930 repentinus,
1273 875 1468 930 seditque

111 937 285 978 tandem
323 936 463 977 multa
501 938 544 977 et
581 936 703 976 uaria
742 935 971 989 cogitanti,
1012 935 1056 975 id
1093 937 1307 988 temptare
1353 934 1468 988 quod

59 1007 92 1033 15
111 996 219 1037 utile
237 995 442 1049 probauit
464 997 656 1036 euentus.
718 995 757 1035 2.
782 993 1108 1035 Hariobaudem
1135 995 1364 1034 uacantem
1393 993 1468 1034 tri-

111 1054 275 1095 bunum
308 1053 407 1094 fidei
443 1053 799 1107 fortitudinisque
830 1055 959 1094 notae
990 1052 1112 1093 nullo
1146 1052 1315 1093 conscio
1354 1051 1469 1106 lega-

110 1113 243 1154 tionis
283 1113 422 1167 specie
456 1113 509 1153 ad
539 1112 794 1153 Hortarium
833 1111 1012 1153 miserat
1043 1124 1191 1166 regem
1228 1111 1316 1151 iam
1346 1125 1470 1164 paca-

111 1174 216 1225 tum,
248 1175 297 1213 ut
330 1171 479 1212 exinde
512 1171 639 1212 facile
673 1170 725 1212 ad
758 1170 999 1212 conlimitia
1030 1183 1286 1224 progressus
1308 1183 1469 1225 eorum,

111 1230 157 1271 in
177 1245 283 1285 quos
317 1233 439 1271 erant
460 1245 580 1271 arma
611 1229 809 1283 protinus
837 1229 1159 1282 commonenda,
1192 1228 1343 1269 scitari
1373 1242 1469 1282 pos-

57 1301 91 1326 20
112 1289 170 1330 sit
191 1290 293 1344 quid
311 1289 580 1342 molirentur,
602 1289 810 1330 sermonis
830 1287 1047 1329 barbarici
1066 1302 1274 1342 perquam
1295 1300 1468 1341 gnarus.

112 1348 150 1389 3.
184 1363 267 1403 quo
306 1348 486 1389 fidenter
527 1347 579 1388 ad
616 1348 720 1388 haec
764 1347 977 1401 patranda
1015 1346 1208 1400 digresso
1241 1346 1333 1399 ipse
1367 1346 1468 1386 anni

111 1410 304 1461 tempore
337 1409 549 1461 oportuno
583 1406 634 1447 ad
656 1406 970 1460 expeditionem
990 1405 1177 1459 undique
1209 1404 1350 1445 milite
1371 1418 1467 1445 con-

110 1468 264 1507 uocato
296 1465 514 1520 profectus
547 1465 591 1506 id
622 1465 734 1506 inter
766 1465 995 1519 potissima
1033 1466 1202 1505 mature
1233 1463 1353 1504 duxit
1393 1463 1470 1503 im-

109 1524 326 1579 plendum,
358 1527 407 1566 ut
427 1527 526 1565 ante
557 1524 823 1578 proeliorum
854 1523 1069 1564 feruorem
1095 1522 1295 1564 ciuitates
1328 1521 1468 1562 multo

59 1595 92 1622 25
113 1587 209 1625 ante
242 1584 405 1625 excisas
438 1583 639 1624 introiret
669 1585 948 1637 receptasque
988 1581 1275 1634 conmuniret‚
1314 1579 1470 1621 horrea

113 1643 216 1697 quin
260 1643 392 1684 etiam
436 1644 653 1683 extrueret
696 1656 773 1695 pro
807 1641 1004 1693 incensis,
1048 1640 1123 1681 ubi
1162 1639 1287 1681 condi
1329 1638 1470 1692 possit

113 1716 281 1743 annona
324 1716 349 1742 a
392 1700 635 1742 Brittannis
682 1703 804 1741 sueta
847 1699 1087 1741 transferri.
1150 1701 1193 1740 et
1235 1700 1467 1752 utrumque

110 1760 351 1814 perfectum
384 1762 449 1801 est
491 1774 564 1814 spe
583 1760 796 1800 ‘omnium
834 1759 974 1800 citius.
1035 1758 1074 1798 4.
1105 1772 1207 1798 nam
1240 1759 1282 1798 et
1313 1755 1470 1797 horrea

112 1819 251 1861 ueloci
295 1833 422 1873 opere
473 1822 748 1860 surrexerunt
799 1817 1190 1871 alimentorumque
1240 1816 1284 1857 in
1333 1814 1470 1855 isdem

59 1890 94 1915 30
114 1878 247 1919 satias
292 1878 479 1931 condita,
530 1880 573 1918 et
617 1877 816 1918 ciuitates
861 1878 1093 1929 occupatae
1138 1877 1239 1916 sunt
1283 1876 1469 1927 septem:

113 1935 269 1979 Castra
280 1936 494 1990 Herculis,
507 1936 887 1989 Quadriburgium,
899 1934 1204 1986 Tricensimae,
1214 1931 1469 1986 Nouesium,

112 1995 274 2049 Bonna,
296 1995 597 2036 Antennacum
618 1998 660 2035 et
679 1994 850 2048 Bingio,
875 1993 951 2033 ubi
971 1993 1085 2033 laeto
1107 1991 1293 2046 quodam
1314 1993 1471 2032 euentu

113 2055 243 2096 etiam
288 2053 535 2095 Florentius
580 2052 820 2107 praefectus
868 2051 1067 2105 apparuit
1113 2050 1256 2091 subito
1300 2051 1470 2103 partem

205 2185 225 2215 2
263 2181 389 2224 ecquis
432 2180 503 2214 GA
541 2179 719 2223 haecquis
760 2177 827 2213 VP
919 2182 939 2211 4
973 2178 1103 2212 contra
1142 2176 1210 2211 VP
1247 2177 1345 2210 circa
1379 2176 1471 2219 rbya

114 2230 134 2261 5
160 2226 282 2271 etquis
313 2225 380 2260 VP
444 2229 464 2259 6
489 2224 656 2259 succidet
685 2223 768 2257 V¹P
792 2222 954 2257 sufficiet
982 2222 1099 2267 V³bya
1158 2225 1200 2255 22
1224 2221 1401 2255 reuocato
1427 2220 1470 2264 by

112 2275 155 2305 23
180 2270 376 2316 potissima
402 2270 473 2304 GA
496 2270 691 2314 petissima
719 2267 788 2302 VP
849 2271 893 2302 25
919 2268 1044 2301 excisa
1068 2277 1159 2311 quas
1194 2266 1256 2300 VP
1317 2268 1360 2299 28
1385 2275 1468 2309 per-

113 2315 254 2351 feetum
272 2334 310 2339 —
325 2320 368 2349 29
386 2315 725 2357 alimentorumque
746 2323 812 2348 om.
826 2313 883 2347 Pb
936 2316 977 2346 31
991 2312 1228 2346 tricensimae
1243 2310 1282 2345 et
1305 2330 1348 2335 ——
1373 2313 1416 2344 32
1431 2309 1469 2344 et

115 2361 203 2398 add.
233 2360 289 2395 Vm
313 2360 557 2395 Stricensium
583 2360 621 2393 et
645 2359 688 2403 by
756 2357 899 2391 niuesio
929 2356 997 2391 VA
1089 2360 1132 2392 32
1156 2357 1270 2401 ningo
1300 2354 1368 2390 VP

1163 2413 1232 2448 10¹⁶
