1614 2549
25 42 37 61 ,ι
58 41 65 58 s

40 65 42 70 ¹
343 70 685 106 CONSTANTIVS
712 71 771 106 ET
795 71 1024 107 IVLIANVS
1051 76 1116 108 35⁷
1325 76 1401 117 107

36 166 206 223 ,gladiis
239 165 523 217 findebantur,
556 168 599 206 et
631 165 848 206 uulnerati
879 166 1070 207 nondum
1090 166 1221 208 effuso
1249 181 1399 210 cruore

48 225 103 266 ad
122 224 360 266 audendum
379 224 566 265 exertius
588 224 913 278 consurgebant.
946 225 1014 266 47.
1028 239 1155 279 pares
1170 225 1284 266 enim
1300 241 1400 280 quo-

49 283 147 325 dam
178 282 301 324 modo
335 282 503 323 coiuere
536 296 632 323 cum
662 283 860 336 paribus,
891 282 1126 324 Alamanni
1156 283 1325 326 robusti
1358 288 1401 325 et

49 341 267 395 celsiores,
306 340 468 382 milites
506 356 587 382 usu
624 342 758 382 nimio
799 341 976 383 dociles:
1014 342 1082 383 illi
1119 342 1200 383 feri
1233 344 1275 384 et
1313 346 1400 384 tur-

49 399 155 453 bidi,
186 399 233 440 hi
265 399 399 454 quieti
431 401 475 440 et
507 400 639 441 cauti:
679 399 833 441 animis
866 400 942 442 isti
973 400 1172 454 fidentes,
1205 401 1400 455 grandis-

47 458 167 500 simis
187 458 255 499 illi
269 458 520 512 corporibus
540 458 654 499 freti.
685 458 754 500 48.
786 459 1041 513 resurgebat
1067 462 1214 500 tamen
1233 460 1397 515 aliquo-

46 516 159 558 tiens
192 531 408 558 armorum
438 516 625 571 pondere
656 516 805 571 pulsus
838 516 932 558 loco
953 517 1172 559 Romanus
1207 518 1398 560 lassatis-

48 590 128 629 que
177 575 397 629 inpressus
447 575 629 629 genibus
680 576 850 617 laeuum
900 575 1125 618 reflectens
1188 577 1399 630 poplitem

46 634 254 675 barbarus
288 634 538 676 subsidebat
569 634 740 676 hostem
772 634 887 676 ultro
921 635 1154 689 lacessens,
1194 635 1307 689 quod
1339 636 1399 676 in-

12 707 29 733 o
47 692 205 734 dicium
213 695 279 734 est
287 693 594 734 obstinationis
605 696 833 735 extremae.
848 693 917 734 49.
925 693 1077 735 exiluit
1092 694 1238 748 itaque
1255 693 1397 735 subito

45 751 199 792 ardens
232 751 509 806 optimatium
540 752 712 806 globus,
746 753 859 793 inter
896 766 1001 806 quos
1035 752 1323 794 decernebant
1357 756 1399 793 et

45 823 181 865 reges,
214 813 257 852 et
289 813 492 865 sequente
524 811 655 865 uulgo
689 813 787 852 ante
821 810 930 852 alios
952 811 1127 865 agmina
1152 813 1398 852 nostrorum

45 869 211 923 imupit
250 872 293 910 et
330 869 413 910 iter
446 869 530 910 sibi
569 869 798 923 aperiendo
839 869 892 910 ad
930 884 1064 924 usque
1097 869 1399 911 Primanorum

45 927 263 982 legionem
301 928 499 982 peruenit
537 928 725 969 locatam
762 928 808 969 in
844 928 985 968 medio
1020 952 1074 957 —-
1108 942 1215 982 quae
1249 927 1399 969 confir-

12 987 180 1029 5matio
225 988 365 1028 castra
408 987 626 1040 praetoria
664 986 888 1028 dictitatur
929 1011 984 1015 —
1021 986 1096 1028 ubi
1139 986 1311 1028 densior
1356 990 1399 1028 et

45 1045 266 1087 ordinibus
297 1045 497 1100 frequens
530 1046 656 1087 miles
689 1046 828 1087 instar
858 1045 1043 1086 turrium
1075 1045 1160 1086 fixa
1191 1045 1397 1086 firmitate

47 1104 285 1146 consistens
318 1104 530 1158 proelium
562 1104 725 1145 maiore
759 1104 915 1158 spiritu
946 1104 1152 1158 repetiuit
1183 1106 1226 1144 et
1251 1104 1397 1145 uulne-

43 1165 164 1206 ribus
190 1163 454 1205 declinandis
487 1164 678 1204 intentus
700 1177 829 1217 seque
861 1163 907 1204 in
926 1162 1098 1204 modum
1118 1162 1395 1203 mirmillonis

47 1223 243 1277 operiens
274 1222 466 1264 hostium
497 1222 646 1274 latera,
679 1236 785 1276 quae
811 1222 1003 1263 nudabat
1036 1221 1100 1263 ira
1131 1221 1398 1276 flagrantior,

11 1300 27 1325 0
47 1281 255 1323 districtis
276 1281 433 1335 gladiis
458 1281 719 1334 perforabat.
751 1280 819 1322 50.
853 1283 897 1321 at
923 1280 990 1320 illi
1016 1280 1241 1334 prodigere
1262 1280 1397 1321 uitam

46 1355 125 1394 pro
163 1340 347 1381 uictoria
384 1339 690 1380 contendentes
727 1339 1000 1393 temptabant
1039 1339 1224 1394 agminis
1256 1339 1395 1380 nostri

44 1400 192 1441 laxare
225 1411 472 1453 conpagem.
535 1398 608 1439 sed
640 1398 890 1440 continuata
922 1399 1030 1439 serie
1063 1402 1396 1453 peremptorum,

46 1472 154 1517 quos
185 1457 404 1499 Romanus
435 1457 523 1499 iam
555 1456 754 1499 fidentior
787 1457 955 1511 strauit,
989 1458 1272 1499 succedebant
1304 1457 1397 1498 bar-

47 1517 142 1564 bari
192 1518 445 1578 superstites
495 1516 732 1562 interfectis
778 1516 1010 1578 auditoque
1055 1516 1398 1567 occumbentium

12 1598 28 1624 5
48 1582 211 1635 gemitu
232 1583 394 1638 crebro,
419 1597 579 1638 pauore
610 1583 775 1639 perfusi
793 1583 1037 1639 torpebant.
1070 1584 1138 1626 51.
1159 1585 1263 1627 fessi
1283 1580 1398 1627 deui-

47 1655 127 1694 que
158 1643 226 1682 tot
257 1643 471 1685 aerumnis
504 1646 547 1685 et
579 1644 632 1685 ad
664 1644 800 1685 solam
832 1644 1031 1698 deinceps
1053 1645 1216 1686 strenui
1247 1645 1396 1699 fugam

44 1714 122 1752 per
142 1699 334 1742 diuersos
366 1702 563 1744 tramites
596 1706 691 1745 tota
711 1703 930 1745 celeritate
952 1704 1099 1758 egredi
1131 1703 1397 1745 festinabant

35 1761 92 1798 *ut
123 1773 144 1800 e
165 1759 316 1801 mediis
349 1761 580 1802 saeuientis
612 1762 758 1816 pelagi
791 1762 990 1804 fiuctibus
1012 1777 1277 1818 quocumque
1301 1777 1395 1804 aue-

43 1817 158 1859 xerit
189 1820 342 1860 uentus
377 1819 457 1860 eici
494 1820 659 1861 nautici
689 1824 924 1875 properant
957 1824 999 1862 et
1031 1825 1244 1863 uectores:
1284 1821 1396 1876 quod

0 1893 27 1924 :so
45 1877 138 1917 uoti
175 1877 315 1931 magis
354 1892 482 1932 quam
520 1879 612 1933 spei
649 1879 782 1921 fuisse
820 1879 1028 1920 fatebitur
1067 1880 1250 1935 quilibet
1293 1883 1395 1920 tunc

44 1949 260 1988 praesens.
279 1935 348 1977 552.
369 1937 600 1991 aderatque
620 1938 846 1991 propitiati
866 1939 1055 1979 numinis
1071 1939 1300 1980 arbitrium
1316 1938 1396 1979 cle-

44 2008 165 2035 mens
198 1997 241 2035 et
272 2009 420 2036 secans
452 1998 579 2050 terga
610 1996 851 2037 cedentium
889 1997 1013 2038 miles
1048 2011 1143 2038 cum
1181 1997 1396 2038 interdum

137 2100 157 2131 2
182 2097 230 2131 ad.
260 2098 490 2132 audiendum
514 2099 571 2133 Pb
596 2099 643 2132 ad
668 2099 715 2133 ad
740 2099 970 2137 audiendum
1000 2099 1030 2134 V
1111 2099 1273 2134 exertius
1295 2099 1399 2134 Vale-

45 2141 124 2175 sius
155 2142 340 2176 exercitus
376 2142 442 2177 VP
472 2153 539 2180 om.
571 2143 638 2187 bya
732 2148 751 2178 3
783 2144 930 2179 coiuere
964 2144 998 2179 G
1028 2145 1149 2179 coiere
1181 2145 1217 2178 A
1247 2155 1331 2178 cum
1357 2154 1396 2178 re

52 2185 141 2220 VPb
209 2190 230 2221 4
254 2186 326 2221 feri
356 2188 394 2221 et
429 2187 562 2222 V²GA
587 2188 696 2222 fieret
732 2188 826 2222 V¹P
855 2188 990 2223 fierent
1019 2189 1039 2224 b
1109 2194 1129 2224 8
1154 2189 1335 2234 impressu
1363 2189 1397 2223 G-

48 2234 90 2264 13
115 2230 317 2275 aperiendo
342 2232 409 2276 bya
432 2232 613 2277 pariendo
638 2233 671 2266 V
712 2236 754 2267 27
779 2233 886 2278 gredi
908 2233 975 2268 VP
991 2234 1147 2279 aggredi
1163 2235 1199 2267 A
1239 2238 1281 2268 29
1299 2233 1397 2268 deici

50 2273 119 2308 VP
198 2277 423 2321 properante
453 2277 615 2311 uictores
653 2277 718 2312 VP
810 2278 910 2322 quod
946 2279 1026 2314 noti
1061 2279 1180 2324 magis
1216 2289 1330 2322 quam
1362 2278 1398 2313 G

44 2329 124 2398 {qm-
156 2320 228 2398 tfti
263 2321 383 2401 magcirs
419 2332 533 2365 quam
573 2321 635 2357 VP
659 2322 761 2366 quod
794 2323 876 2367 [Iac.
910 2326 930 2358 8
956 2323 1042 2369 lita]
1068 2323 1187 2368 magis
1211 2334 1325 2367 quam
1361 2323 1396 2357 A

114 2374 174 2399 mc
190 2375 316 2400 emens
