1573 2508
112 51 198 93 240
627 47 713 83 XXI
737 52 770 92 a,
794 51 895 92 4—7,
923 51 945 83 4

115 147 252 199 retur,
295 143 501 186 diffractis
546 142 761 197 cancellis,
805 142 958 197 quibus
998 156 1083 184 una
1127 156 1223 184 cum
1266 141 1460 196 pluribus

116 203 403 255 incumbebat,
435 201 598 243 cunctis
631 215 727 242 cum
759 215 807 242 eo
840 201 886 242 in
916 215 1073 242 uanum
1094 200 1282 242 excussis
1315 200 1462 242 laesis·
1565 223 1571 250 ι

117 276 198 316 que
238 261 391 302 leuiter
429 260 588 314 paucis,
625 260 795 301 interna
833 272 1024 313 conpage
1061 259 1255 313 disrupta
1293 258 1462 300 efflasse

117 320 315 374 spiritum
357 323 552 374 repertus
592 318 720 372 solus,
759 317 868 359 unde
901 316 1180 360 Constantius
1220 317 1463 359 futurorum

117 392 283 432 quoque
315 378 532 431 praescius
565 377 800 418 exultabat.
1478 391 1496 417 ⁵

233 437 273 477 4.
305 436 466 478 Eodem
498 440 690 489 tempore
710 435 961 477 Faustinam
994 435 1165 476 nomine
1199 434 1377 476 sortitus
1398 437 1463 476 est

116 495 342 549 coniugem
383 495 542 536 amissa
583 494 669 535 iam
709 493 874 548 pridem
906 493 1106 546 Eusebia,
1147 493 1264 534 cuius
1306 492 1462 534 fratres

117 556 241 595 erant
271 553 485 595 Eusebius
528 556 570 594 et
600 552 817 607 Hypatius
850 552 1110 605 consulares,
1151 551 1344 605 corporis
1376 566 1463 593 mo-

116 626 294 667 rumque
326 611 642 666 pulchritudine
673 611 868 664 pluribus
890 611 1126 652 antistante
1147 613 1189 651 et
1215 611 1258 651 in
1278 610 1462 651 culmine

116 673 206 712 tam
239 671 352 712 celso
384 671 585 723 humana,
619 669 738 711 cuius
770 669 917 711 fauore
949 669 1186 710 iustissimo
1219 671 1462 723 exemptum
1483 684 1516 709 ιο

117 729 320 783 periculis
341 729 689 782 declaratumque
710 725 938 769 Caesarem
970 727 1216 769 rettulimus
1235 726 1463 769 Iulianum.

235 787 273 829 5.
304 786 470 829 Habita
502 789 567 828 est
598 786 733 827 isdem
765 786 913 828 diebus
946 786 1077 827 etiam
1109 785 1319 827 Florentii
1349 786 1462 828 ratio

117 860 139 886 e
171 845 327 887 Galliis
365 846 574 887 nouitatis
613 848 729 886 metu
767 845 962 900 digressi,
1000 848 1042 886 et
1073 844 1279 886 Anatolio
1317 858 1462 886 recens

118 907 288 946 mortuo
332 905 549 959 praefecto
594 905 810 958 praetorio
861 918 935 957 per
978 902 1220 958 Illyricum,
1271 902 1323 944 ad
1373 903 1463 944 eius

116 963 306 1004 mittitur
337 963 491 1016 locum,
524 977 702 1017 cumque
735 962 877 1004 Tauro
910 961 1059 1003 itidem
1090 962 1307 1016 praefecto
1345 975 1464 1015 prae·
1484 976 1516 1002 15

115 1022 228 1062 torio
260 1022 343 1075 'per
374 1020 550 1062 Italiam
590 1021 846 1075 amplissimi
885 1021 1073 1075 suscepit
1112 1020 1298 1074 insignia
1330 1021 1463 1074 magi-

117 1082 291 1121 stratus.

235 1138 273 1179 6.
314 1137 587 1179 Parabantur
636 1137 773 1179 nihilo
824 1137 964 1178 minus
1016 1140 1285 1179 externorum
1335 1140 1462 1192 atque

117 1196 309 1238 ciuilium
342 1197 629 1238 instrumenta
660 1196 873 1237 bellorum
895 1199 937 1237 et
957 1196 1195 1249 augebatur
1226 1199 1463 1237 turmarum

117 1255 380 1310 equestrium
401 1270 600 1296 numerus
632 1255 809 1309 parique
841 1254 982 1296 studio
1004 1254 1301 1308 supplementa
1333 1254 1463 1309 legio·
1483 1269 1516 1295 20

115 1314 242 1354 nibus
286 1314 446 1367 scripta
488 1317 587 1355 sunt
628 1313 800 1354 indictis
841 1328 916 1367 per
957 1313 1200 1367 prouincias
1240 1313 1464 1366 tirociniis,

117 1372 340 1426 omnisque
373 1372 475 1413 ordo
509 1375 551 1413 et
589 1372 801 1426 professio
839 1372 1089 1425 uexabatm·‚
1127 1374 1291 1413 uestem
1329 1386 1464 1413 arma-

117 1445 198 1484 que
231 1430 434 1472 exhibens
468 1434 511 1471 et
542 1433 769 1484 tormenta,
802 1445 953 1473 aurum
974 1431 1075 1484 quin
1097 1430 1227 1472 etiam
1255 1433 1296 1471 et
1317 1443 1464 1485 argen-

116 1491 222 1543 tum,
254 1489 593 1544 multiplicisque
626 1490 688 1531 rei
721 1489 908 1530 cibariae
941 1489 1085 1543 copias
1119 1491 1161 1530 et
1192 1489 1360 1530 diuersa
1394 1502 1463 1543 ge-

117 1561 221 1588 nera
253 1548 552 1589 iumentorum.
616 1549 652 1589 7.
683 1551 725 1589 et
757 1548 855 1602 quia
876 1547 1103 1588 Persarum
1135 1560 1236 1601 rege
1269 1547 1323 1588 ob
1356 1547 1464 1588 diffi-
1483 1561 1516 1587 25
1550 1574 1554 1578 -

117 1606 325 1647 cultatem
369 1606 537 1647 hiberni
582 1607 786 1660 temporis
832 1619 958 1660 aegre
1003 1610 1221 1659 contruso,
1272 1610 1463 1648 reserata

116 1665 225 1706 caeli
264 1665 470 1719 temperie
509 1665 694 1707 ualidior
726 1666 910 1718 impetus
943 1664 1190 1718 timebatur,
1222 1664 1274 1706 ad
1308 1664 1463 1706 Trans-

117 1723 351 1777 tigritanos
396 1737 518 1778 reges
565 1727 606 1764 et
652 1727 848 1777 satrapas
900 1723 1034 1777 legati
1083 1737 1177 1764 cum
1216 1723 1461 1764 muneribus

116 1781 237 1822 missi
259 1784 357 1823 sunt
378 1782 546 1835 amplis,
579 1782 781 1823 monituri
803 1785 976 1823 cunctos
999 1785 1040 1823 et
1071 1782 1285 1823 hortaturi
1313 1784 1461 1822 nostra

118 1840 278 1881 sentire
322 1843 364 1881 et
411 1840 519 1882 nihil
566 1841 699 1882 fallax
751 1843 964 1894 temptare
1015 1841 1082 1881 nol
1134 1840 1463 1881 fraudulentum.
1483 1855 1516 1880 so
1572 1850 1573 1871 ¹

117 1899 154 1940 8.
188 1901 286 1940 ante
319 1900 461 1940 onmia
494 1903 637 1941 tamen
671 1899 853 1940 Arsaces
887 1902 929 1940 et
949 1899 1202 1952 Meribancs,
1234 1898 1462 1940 Armeniae

206 2063 225 2092 3
251 2058 421 2102 disrupta
445 2059 464 2094 b
512 2059 680 2103 disti-upa
710 2059 776 2093 VP
801 2060 857 2093 est
876 2062 958 2102 post
976 2060 1143 2102 repertus
1161 2058 1248 2091 add.
1266 2057 1301 2092 A
1348 2061 1367 2090 6
1385 2057 1461 2092 fau-

118 2103 216 2137 stina
231 2103 265 2136 P
309 2107 329 2137 8
355 2113 466 2137 consu
485 2103 556 2137 aris
582 2103 638 2137 Pb
663 2103 863 2137 consolaris
895 2103 926 2136 V
972 2102 1224 2137 lOiustissime
1253 2103 1273 2136 b
1321 2106 1360 2136 13
1385 2101 1462 2147 gal-

116 2146 176 2180 liis
201 2147 304 2181 VAP
328 2147 449 2181 Gallia
468 2148 500 2181 G
519 2147 660 2182 Galliae
679 2148 698 2181 b
763 2152 802 2181 15
847 2147 1007 2182 raetorio
1024 2147 1127 2191 qua
1146 2147 1198 2180 rio
1222 2147 1255 2180 V
1314 2150 1357 2181 ‘25
1375 2156 1462 2190 rege

120 2191 164 2225 V²
190 2192 218 2225 ri
251 2203 268 2225 e
302 2191 382 2225 V'I’
407 2193 502 2237 regis
533 2193 577 2237 by
623 2192 669 2226 ad
696 2193 761 2233 (sic
790 2192 822 2226 V
840 2193 891 2235 Jb)
917 2191 1178 2226 difficultatem
1206 2210 1248 2216 —
1273 2195 1316 2225 26
1347 2200 1462 2225 con--

116 2236 205 2271 add.
258 2235 290 2258 'm
385 2237 451 2270 '‘2ss
478 2248 496 2271 e
529 2247 640 2282 greco
673 2238 878 2281 consti-us(x
897 2237 969 2276 P)o
1002 2237 1165 2271 reserata
1197 2235 1289 2270 caeli
1320 2236 1461 2279 tempe-

117 2281 292 2324 rie(-pore
308 2281 356 2318 Ρ)
387 2281 451 2315 Vl)
477 2292 518 2316 ae
548 2292 586 2315 re
612 2283 783 2316 contruso
810 2282 973 2316 reserata
998 2280 1089 2315 caeli
1114 2280 1295 2325 temperie
1318 2279 1354 2313 A
1379 2289 1462 2313 con-

115 2326 256 2360 structa
267 2336 306 2359 re
323 2325 524 2370 cibariapm
545 2353 552 2360 .
568 2327 611 2370 by
657 2330 699 2360 31)
713 2326 894 2360 sentirent
910 2330 988 2368 (om.
1010 2326 1060 2370 et)
1083 2325 1194 2370 VPby
1225 2325 1415 2359 tentarent
1430 2323 1463 2359 G
