1573 2508
0 56 20 63 s

106 75 162 117 ‘24
643 71 748 107 xnn
774 75 805 115 τ,
829 74 940 107 6—14

108 173 247 210 testas
291 167 501 208 localibus
545 165 722 207 subinde
772 165 965 206 medetur
1015 165 1242 218 aerumnis,
1290 164 1458 219 disponi

112 226 338 281 quicquam
373 224 527 266 statuit
561 223 626 264 uel
661 238 711 264 ex
743 223 976 277 prouinciis
997 223 1204 265 alimenta
1232 223 1458 265 transferri

112 283 402 331 conterminis,
435 282 505 323 sed
540 282 809 323 consularem
836 280 984 335 Syriae
1005 280 1294 335 Theophilum
1325 295 1458 336 prope

112 343 354 384 adstantem
376 341 529 382 ultima
561 340 769 382 metuenti
790 339 1055 381 multitudini
1076 339 1192 381 dedit
1222 339 1262 380 id
1284 339 1458 381 adsidue

112 399 356 454 replicando
402 399 512 454 quod
554 399 690 440 inuito
736 402 900 439 rectore
944 398 1088 439 nullus
1129 411 1254 452 egere
1298 397 1495 452 poterit5

115 459 240 500 uictu.
268 459 306 499 6.
328 462 536 499 auxerunt
555 457 659 499 haec
681 457 800 511 uulgi
822 456 1071 498 sordidioris
1093 457 1326 509 audaciam,
1346 455 1459 511 quod

112 532 206 558 cum
239 516 549 571 ingrauisceret
586 516 765 569 penuria
797 518 1121 569 commeatuum,
1157 514 1286 556 famis
1318 517 1361 556 et
1397 514 1460 556 fu-

112 575 223 617 roris
256 575 427 629 inpulsu
449 574 609 616 Eubuli
643 573 861 615 cuiusdam
894 574 1007 615 inter
1041 588 1138 615 suos
1160 573 1266 615 clari
1286 572 1459 614 domum

114 633 390 675 ambitiosam
423 633 596 687 ignibus
630 632 811 673 subditis
846 632 1130 674 inflammauit
1167 635 1459 686 rectoremque

113 699 160 734 ut
192 692 274 733 sibi
305 691 459 733 iudicio
481 690 694 745 imperiali
715 690 927 732 addictum
949 691 1136 732 calcibus
1169 691 1384 732 incessens
1417 692 1461 731 et
1480 703 1516 729 10

116 750 270 804 pugnis
286 750 537 791 conculcans
559 749 813 790 seminecem
835 749 1000 790 laniatu
1016 749 1256 790 miserando
1277 749 1461 802 discerp-

115 809 182 850 sit.
214 812 313 863 post
328 808 446 849 cuius
468 808 742 849 lacrimosum
764 808 985 848 interitum
1006 807 1050 848 in
1064 807 1187 848 unius
1203 807 1334 848 exitio
1349 806 1461 861 quis-

115 882 195 922 que
227 867 459 920 imaginem
493 866 669 920 periculi
702 866 766 907 sui
801 865 1076 907 considerans
1114 865 1367 907 documento
1399 878 1461 906 re-

118 926 229 966 centi
251 925 408 966 similia
444 925 716 966 formidabat.
751 925 787 965 7.
809 924 956 965 eodem
989 927 1182 978 tempore
1205 922 1461 965 Serenianus

116 999 165 1025 ex
199 983 315 1037 duce,
348 984 464 1024 cuius
498 983 669 1037 ignauia
704 983 955 1037 populatam
987 982 1032 1023 in
1063 982 1276 1024 Phoenice
1308 980 1462 1023 Celsen
1483 995 1517 1021 15

116 1046 214 1084 ante
247 1042 505 1095 rettulimus,
537 1041 733 1095 pulsatae
766 1041 1008 1083 maiestatis
1041 1041 1211 1095 imperii
1243 1054 1340 1082 reus
1372 1040 1462 1081 iure

116 1101 361 1154 postulatus
395 1115 443 1141 ac
475 1100 589 1154 lege,
622 1100 831 1141 incertum
865 1114 947 1154 qua
980 1099 1123 1153 potuit
1154 1099 1462 1153 suffragatione

118 1158 300 1212 absolui,
333 1161 478 1212 aperte
511 1158 730 1199 conuictus
763 1158 1021 1200 familiarem
1053 1171 1175 1199 suum
1202 1171 1296 1198 cum
1334 1156 1462 1211 pileo,

118 1232 199 1272 quo
233 1222 359 1271 caput
392 1217 627 1271 operiebat,
660 1217 879 1258 incantato
912 1216 1060 1257 uetitis
1081 1216 1247 1257 artibus
1275 1215 1328 1257 ad
1358 1218 1463 1256 tem-
1553 1266 1557 1278 1

119 1276 236 1330 plum
267 1276 437 1316 misisse
475 1275 709 1328 fatidicum,
748 1275 1037 1329 quaeritatum
1088 1288 1287 1328 expresse
1325 1288 1381 1316 an
1423 1273 1463 1315 ei
1482 1287 1518 1313 ιο
1552 1298 1557 1304 ν

118 1336 287 1375 firmum
318 1334 645 1388 portenderetur
678 1334 915 1387 imperium,
947 1336 994 1374 ut
1025 1333 1312 1387 cupiebat,›et
1344 1346 1463 1374 cunc-

118 1399 221 1434 tum.
255 1393 293 1434 8.
319 1392 557 1446 duplexque
578 1391 712 1432 isdem
734 1392 881 1433 diebus
903 1391 1116 1433 acciderat
1146 1391 1320 1445 malum,
1351 1390 1464 1445 quod

118 1458 158 1492 et
193 1450 481 1504 Theophilum
514 1450 727 1491 insontem
766 1454 887 1491 atrox
927 1450 1212 1503 interceperat
1249 1463 1384 1504 casus,
1421 1451 1465 1490 et

121 1509 376 1551 Serenianus
427 1509 580 1563 dignus
632 1509 897 1550 execratione
943 1516 1202 1561 cunctorum,
1252 1507 1464 1562 innoxius,

120 1568 244 1609 niodo
277 1582 363 1609 non
395 1567 657 1608 reclamante
689 1567 861 1621 publico
894 1567 1056 1621 uigore,
1087 1566 1293 1608 discessit.
1483 1579 1520 1605 8⁵

238 1627 276 1666 9.
308 1626 425 1667 Haec
459 1625 635 1667 subinde
663 1624 940 1667 Constantius
974 1625 1149 1666 audiens
1182 1628 1224 1666 et
1256 1624 1465 1680 quaedam

120 1685 330 1726 referente
351 1684 580 1725 Thalassio
603 1684 765 1738 doctus,
798 1699 922 1739 quem
955 1698 1052 1725 eum
1079 1684 1220 1725 odisse
1252 1684 1339 1726 iam
1370 1696 1466 1724 con-

120 1747 290 1797 pererat
323 1743 417 1797 lege
451 1743 678 1795 communi,
710 1742 900 1784 scribens
933 1742 984 1784 ad
1006 1741 1233 1784 Caesarem
1265 1741 1465 1783 blandius

120 1802 366 1844 adiumenta
399 1801 609 1855 paulatim
643 1801 707 1842 illi
741 1801 969 1854 subtraxit,
1002 1800 1229 1842 sollicitari
1261 1815 1306 1841 se
1338 1799 1466 1841 simu-

120 1862 213 1902 lans
247 1875 312 1914 ne,
350 1860 411 1901 uti
445 1864 509 1900 est
542 1859 730 1900 militare
763 1860 899 1901 otium
936 1860 1024 1900 fere
1057 1859 1384 1912 tumultuosum,
1421 1857 1521 1899 inso

121 1919 210 1960 eius
243 1919 474 1973 perniciem
496 1919 775 1972 conspiraret,
808 1918 996 1972 solisque
1030 1917 1189 1959 scholis
1222 1916 1348 1959 iussit
1373 1929 1466 1958 esse

214 2083 226 2112 1
255 2078 434 2113 localibus
463 2079 494 2111 G
519 2078 688 2112 locabilis
720 2078 830 2113 Vl’ba
877 2083 896 2113 4
918 2077 1023 2112 dedit
1047 2078 1084 2112 id
1102 2076 1419 2122 Eyssenhstediti
1436 2075 1469 2111 V

124 2121 229 2157 dedit
248 2123 280 2157 G
305 2122 473 2157 deditum
490 2123 572 2156 I’ba
620 2127 639 2155 6
664 2122 763 2166 quod
788 2123 861 2158 scri
875 2123 920 2157 ›si
945 2124 985 2157 et
1009 2122 1112 2158 codd.
1160 2126 1181 2157 8
1206 2121 1334 2157 eubuli
1359 2121 1468 2156 GAP

123 2166 256 2202 cubi-li
275 2167 362 2210 (suit
376 2167 403 2200 ll
424 2166 455 2200 V
499 2169 544 2201 ‘0
562 2169 818 2211 rectoremque
836 2134 941 2212 libya
958 2168 1224 2211 pectoremque
1245 2166 1277 2202 V
1322 2170 1364 2202 15
1377 2164 1467 2202 Coe·

122 2212 183 2247 len
209 2212 228 2246 b
253 2223 275 2245 α
322 2215 365 2245 20
391 2221 560 2255 expresse
579 2211 646 2255 bya
672 2222 803 2255 praesa
832 2211 900 2246 VP
923 2221 1047 2257 presse
1069 2210 1246 2257 Eyssenh.
1292 2213 1335 2246 21
1359 2219 1469 2245 eune·

122 2260 202 2291 tum
264 2256 309 2290 ba
334 2256 498 2290 cumtum
532 2255 562 2288 V
584 2255 749 2290 iunctum
778 2256 810 2290 G
880 2260 922 2290 ‘27
947 2266 1056 2300 quem
1083 2266 1170 2291 eum
1194 2255 1313 2290 odisse
1336 2253 1469 2299 scripsi

122 2302 193 2345 qut·
219 2300 376 2334 mouisse
400 2300 432 2333 V
453 2310 564 2350 quem
590 2300 711 2335 obisse
738 2300 941 2336 Lindenbr.
967 2300 1043 2344 (sed
1061 2300 1109 2344 cf.
1128 2304 1183 2343 22,
1200 2304 1232 2343 9,
1253 2301 1307 2344 16)
1353 2301 1397 2335 80
1413 2297 1469 2334 ufi

124 2347 181 2380 est
210 2344 375 2381 Valesius
399 2346 513 2379 uitiae
545 2343 612 2379 VP
636 2344 734 2389 quod
761 2346 842 2388 (om.
868 2345 999 2389 uitiae)
1024 2345 1090 2390 δρα
