1573 2508
87 89 169 132 150
589 87 713 123 xvni
737 92 769 132 2,
798 91 916 131 15—3,
940 92 961 122 3

82 198 136 225 ne
169 186 425 236 strueretur,
464 181 605 224 studio
648 182 880 223 seruabant
916 181 1102 235 intento,
1134 184 1252 222 metu
1284 180 1432 223 exhor-

81 245 298 284 rescentes
337 240 486 281 diffuse
525 243 755 282 uertuntur
792 239 837 281 in
868 240 1013 294 pedes:
1055 243 1098 281 et
1129 239 1338 282 indomito
1370 238 1433 282 fu-

82 315 178 342 rore
211 300 357 342 sedato
377 299 712 340 necessitudines
734 313 920 353 opesque
947 313 1046 340 suas
1078 299 1311 340 transferre
1343 298 1433 340 lon-

83 359 181 414 gius
213 358 489 399 festinabant.
551 358 785 412 statimque
818 356 1073 398 difficultate
1105 357 1222 398 omni
1244 356 1433 411 depulsa,

81 420 212 472 ponte
234 418 452 458 constrato
474 416 759 458 sollicitarum
780 416 973 470 gentium
989 415 1188 469 opinione
1201 418 1434 469 praeuenta
1451 428 1468 456 5

82 476 202 517 uisus
234 475 279 516 in
310 475 534 516 barbarico
567 475 691 516 miles
723 490 798 528 per
829 474 1024 515 Hortarii
1055 487 1190 528 regna
1219 473 1434 515 transibat

82 534 258 575 intacta.
328 534 394 575 15.
431 534 507 575 ubi
547 549 646 575 uero
691 537 829 574 terras
874 533 1131 574 infestorum
1169 532 1299 573 etiam
1340 534 1434 573 tum

83 593 233 647 tetigit
270 605 439 646 regum,
483 607 609 633 urens
649 592 792 633 omnia
833 591 1082 645 rapinisque
1126 605 1202 644 per
1245 589 1434 632 medium
1480 642 1484 645 ὓ

82 651 313 692 rebellium
346 651 486 692 solum
518 651 800 705 grassabatur
831 650 1083 703 intrepidus.

201 709 389 763 Postque
411 710 676 763 saepimenta
690 708 912 763 fragilium
932 709 1152 762 penatium
1166 708 1434 749 inflammata
1454 721 1487 747 10

84 771 126 810 et
153 768 455 809 obtruncatam
474 768 699 809 hominum
725 767 1046 808 multitudinem
1067 767 1267 820 uisosque
1288 765 1435 807 caden-

82 830 148 869 tes
182 827 340 868 multos
380 827 573 881 aliosque
607 826 898 880 supplicantes
932 840 1027 866 cum
1065 828 1244 866 uentum
1282 824 1436 866 fuisset

86 885 138 927 ad
169 886 390 939 regionem
429 886 495 926 cui
529 884 758 939 Capellatii
797 885 866 926 uel
897 884 1026 925 Palas
1057 898 1216 925 nomen
1247 886 1330 937 est,
1361 882 1436 924 ubi

82 944 333 985 terminales
354 944 519 998 lapides
539 943 881 985 Alamannorum
909 946 950 984 et
971 942 1320 997 Burgundiorum
1340 955 1435 983 con-

83 1002 187 1044 finia
218 1002 562 1057 distinguebant,
602 1006 743 1044 castra
783 1005 883 1043 sunt
919 1001 1063 1067 posita
1094 1016 1143 1042 ea
1180 1004 1356 1055 propter
1386 1001 1436 1041 ut
1455 1013 1489 1040 1⁵

85 1059 331 1102 Macrianus
355 1036 416 1102 Uet
457 1036 758 1103 Hariobaudus
803 1060 993 1126 germani
1039 1060 1194 1101 fratres
1233 1062 1276 1100 et
1311 1071 1435 1113 reges

85 1119 404 1173 susciperentur
437 1119 643 1173 inpauidi,
676 1119 748 1173 qui
779 1119 1067 1172 propinquare
1088 1118 1172 1159 sibi
1202 1117 1437 1182 perniciem

84 1178 319 1219 sentientes
363 1181 570 1219 uenerant
619 1192 768 1232 pacem
812 1177 950 1218 anxiis
1002 1177 1157 1218 animis
1207 1175 1437 1230 precaturi.

87 1237 152 1278 16.
191 1239 290 1290 post
327 1251 434 1291 quos
474 1237 624 1278 statim
661 1251 735 1277 rex
775 1250 942 1290 quoque
980 1235 1268 1276 Vadomarius
1307 1234 1438 1288 uenit,

85 1295 205 1336 cuius
251 1298 342 1336 erat
386 1295 652 1337 domicilium
698 1298 848 1336 contra
891 1294 1134 1347 Rauracos,
1178 1292 1436 1347 scriptisque
1455 1307 1490 1333 πο

85 1352 313 1395 Constanti
351 1354 576 1408 principis,
623 1354 778 1408 quibus
818 1353 1140 1394 commendatus
1180 1355 1245 1393 est
1290 1351 1438 1405 artius,

85 1412 286 1467 allegatis
332 1412 487 1454 leniter
533 1415 755 1466 susceptus
796 1415 872 1465 est,
918 1416 961 1453 at
1003 1411 1194 1465 decebat,
1238 1410 1344 1452 olim
1382 1410 1436 1452 ab

87 1471 288 1525 Augusto
321 1471 366 1513 in
395 1472 641 1513 clientelam
661 1471 722 1512 rei
743 1470 965 1512 Romanae
998 1473 1232 1524 susceptus.
1299 1469 1362 1510 17.
1395 1471 1438 1509 et

82 1528 328 1571 Macrianus
362 1530 533 1584 quidem
566 1545 662 1571 cum
700 1530 833 1570 fratre
872 1529 984 1570 inter
1025 1529 1192 1583 aquilas
1226 1527 1437 1569 admissus

85 1591 128 1629 et
159 1588 285 1642 signa
317 1589 518 1642 stupebat
539 1603 758 1629 armorum
792 1588 1088 1641 [uirium]-que
1108 1587 1278 1628 uarium
1298 1585 1436 1639 decus,
1456 1599 1490 1625 25

84 1647 180 1688 uisa
212 1649 314 1687 tunc
346 1647 568 1700 primitus,
609 1661 771 1700 proque
804 1647 892 1687 suis
926 1646 1088 1686 orabat.
1150 1644 1436 1686 Vadomarius

84 1719 187 1746 uero
225 1705 387 1746 nostris
421 1705 602 1746 coalitus
643 1708 792 1758 utpote
831 1705 997 1745 uicinus
1036 1704 1167 1745 limiti
1200 1703 1438 1744 mirabatur

85 1764 256 1818 quidem
289 1767 545 1817 apparatum
580 1763 799 1805 ambitiosi
832 1763 1076 1817 procinctus
1111 1762 1182 1804 sed
1214 1761 1372 1802 uidisse
1394 1776 1438 1802 se

84 1822 193 1863 talia
225 1837 350 1875 saepe
384 1823 436 1863 ab
471 1822 763 1864 adulescentia
788 1823 1043 1862 meminerat
1074 1821 1226 1875 prima.
1291 1820 1358 1861 18.
1390 1819 1439 1861 li-

85 1880 223 1922 bratis
255 1881 436 1935 denique
457 1882 528 1922 diu
549 1880 740 1922 consiliis
768 1880 965 1922 concordi
998 1880 1247 1921 adsensione
1269 1880 1439 1919 cuncto·
1458 1892 1492 1918 so

86 1954 182 1980 rum
203 1938 421 1981 Macriano
455 1940 625 1994 quidem
646 1942 689 1980 et
707 1939 986 1980 Hariobaudo
1018 1953 1101 1992 pax
1122 1941 1188 1979 est
1208 1936 1439 1991 adtributa,

86 1996 350 2039 Vadomario
384 2014 503 2052 uero,
548 1998 620 2052 qui
660 2013 781 2039 suam
815 1998 1031 2038 locaturus
1073 1996 1348 2038 securitatem
1393 1995 1439 2036 in

180 2159 197 2186 4
232 2153 492 2186 difficultatem
532 2152 599 2186 VP
696 2158 716 2187 8
748 2152 963 2196 rapinisque
1000 2151 1104 2186 VAP
1138 2152 1359 2196 rapiensque
1389 2151 1439 2201 by

92 2202 132 2233 14
163 2197 450 2232 Alcmannorum
472 2198 503 2231 G
530 2208 765 2232 romanorum
790 2197 901 2231 VPba
972 2199 1013 2230 16
1038 2197 1224 2231 macrinus
1250 2199 1289 2230 et
1318 2194 1438 2229 hario-

88 2243 206 2278 badus
251 2242 314 2277 VP
406 2246 448 2275 22
486 2243 527 2275 nt
562 2242 721 2276 decebat
761 2242 795 2276 V
793 2242 928 2276 aleszus
969 2240 1131 2275 ducebat
1169 2240 1237 2275 VP
1270 2250 1337 2276 om
1373 2239 1438 2283 byn

89 2325 132 2356 212
158 2320 343 2355 macrinus
378 2319 410 2354 V
496 2323 537 2354 ²25
571 2319 706 2354 uirium
748 2320 1035 2365 dittoyraphiam
1078 2318 1198 2354 delmi
1281 2320 1324 2352 26
1365 2316 1439 2351 Va-

89 2365 277 2400 domarius
304 2365 373 2399 GA
399 2364 645 2399 Dadomarius
677 2364 764 2399 VPb
