1573 2508
83 72 111 114 4
325 69 646 106 PERDITORVM
672 67 926 105 LIBRORVM
951 66 1150 110 RELIQVI
1153 67 1215 103 ΑΕ

328 189 626 232 INs'ERTAE
661 187 824 231 sEDlS
857 187 1193 238 RELIQVIAE.

83 274 243 320 XXIII.
286 278 355 329 14,
397 276 439 324 7,
484 273 535 314 21
580 273 740 326 absque
778 270 1093 326 Mesopotamia
1126 271 1211 312 iam
1249 271 1430 326 digesta,

203 351 299 378 cum
331 335 445 376 bella
480 332 731 375 Parthica
761 331 1016 374 dicerentur.

84 407 266 449 XXIIII.
305 408 378 458 23,
412 408 455 457 (ἱ,
487 406 544 447 50
577 406 647 447 ubi
681 405 812 446 etiam
851 401 1100 455 tigridum
1134 402 1255 444 milia
1292 401 1430 443 multa

202 470 443 519 cerluuitur,
475 466 672 519 feraeque
694 465 857 506 bestiae
877 463 1032 517 plures,
1065 476 1172 516 quae
1193 459 1430 502 cuiusmodi

202 526 343 567 solent
376 526 470 580 capi
503 524 753 566 commentis
775 523 930 564 dudum
951 537 1028 562 nos
1050 519 1321 561 meminimus
1348 521 1431 560 ret-

203 585 367 627 tulisse.

85 654 219 697 XXV.
251 657 319 708 22,
352 657 390 709 8,
429 656 485 696 35
518 668 642 708 super
675 668 855 707 quarum
887 651 945 707 (h.
979 667 1012 692 e.
1045 650 1232 707 auium)
1264 651 1430 705 origine

204 719 246 756 et
292 713 629 767 Hellespontiaci
679 712 830 765 proelii
879 716 1071 764 tempore
1116 710 1430 751 disserebamus

204 772 220 828 (
231 773 281 815 V:
302 770 590 826 disseremus).

85 843 242 885 XXVI.
284 844 357 896 31,
400 844 470 896 113,
503 842 529 883 5
563 842 932 882 Saracenorum
971 854 1126 881 cuneus
1168 854 1294 893 super
1333 854 1433 893 quo-

204 917 300 944 rum
332 902 499 956 origine
541 900 817 953 moribusque
849 899 1030 940 diuersis
1075 899 1119 939 in
1164 898 1269 940 locis
1301 900 1433 940 rettu-

204 961 332 1002 limus
367 960 488 1014 plura
523 984 576 988 -—
612 983 665 988 -—

86 1031 266 1073 XXVII.
299 1032 373 1084 29,
413 1032 458 1084 ἵ),
494 1030 546 1071 16
579 1030 791 1084 biduoque
833 1031 931 1083 post
969 1027 1187 1069 Icosium
1219 1027 1433 1081 oppidum,

205 1091 322 1132 cuius
363 1104 491 1143 supra
529 1088 748 1129 docuimus
782 1087 1035 1140 conditores,
1074 1086 1282 1127 militaria
1309 1086 1434 1140 signa

205 1152 248 1190 et
274 1163 476 1190 coronam
516 1147 826 1188 sacerdotalem
858 1171 913 1175 —
947 1170 1001 1174 ——
1035 1169 1088 1174 ——
1123 1144 1324 1186 restituit.
1364 1143 1434 1197 (ch

205 1207 333 1249 Solia.
365 1207 422 1248 ed.
453 1206 696 1248 Dlommsen.
721 1219 764 1258 p.
797 1208 890 1253 138,
925 1203 1084 1256 7—10)

87 1277 290 1320 XXVIII.
329 1278 402 1329 25),
442 1277 486 1330 5,
532 1277 581 1317 17
623 1277 740 1317 cuius
779 1273 838 1330 (h.
878 1290 910 1316 e.
944 1272 1249 1329 Caesareae)
1286 1272 1434 1315 itidem

207 1337 420 1391 originem
455 1336 497 1377 in
528 1334 701 1376 Africae
735 1335 819 1375 situ
852 1334 1108 1388 digessimus
1140 1333 1275 1387 plene.

413 1535 589 1580 Uniemn
622 1534 897 1577 testimoniam
928 1537 1119 1575 πρίω-τιυὶ.

89 1654 302 1697 Prisciani
331 1654 392 1696 XI
425 1655 477 1696 51
512 1651 630 1709 (pag.
648 1652 733 1695 487
769 1652 829 1692 ed.
850 1650 923 1706 H.)
953 1654 1000 1692 ut
1032 1651 1189 1692 indulsi
1222 1650 1437 1692 indulsum

209 1713 276 1754 vel
316 1713 546 1765 indultum,
584 1712 691 1754 unde
724 1710 1000 1752 Marcellinus
1039 1724 1179 1751 rerum
1217 1712 1437 1764 gestarum

210 1771 358 1813 XIIII:
402 1776 623 1826 tamquam
668 1769 841 1811 licentia
875 1769 1119 1810 crudelitati
1164 1768 1329 1810 indulta
1360 1764 1436 1822 (=

214 1831 286 1885 14,
321 1832 363 1885 1,
394 1832 433 1872 4.
469 1831 534 1883 14,
566 1830 604 1883 ss,
638 1828 694 1885 τ).
