1614 2549
0 0 123 58 ᾖν,-
159 15 162 24 ·

0 79 35 114 ,²
363 82 699 119 CONSTANTIVS
723 83 788 118 ΕΤ
812 83 1043 120 1VL1Ast
1069 89 1134 121 356
1363 88 1414 130 81

68 177 244 221 barbari
282 178 431 219 tristes
475 176 662 218 inaniter
706 177 922 232 stulteque
967 178 1181 232 cogitasse
1225 180 1416 222 ciuitatis

69 237 282 280 obsidium
313 236 604 277 mussitantes.
654 236 692 276 3.
731 239 794 289 at,
838 237 950 290 quod
993 237 1244 291 indignitati
1275 253 1417 280 rerum

68 299 134 338 est
159 295 486 349 adsignandum,
513 294 778 348 periclitanti
799 293 972 336 Caesari
999 295 1169 337 distulit
1196 297 1415 351 suppetias

66 354 177 395 ferre
207 353 438 394 Marcellus
470 354 662 406 magrister
693 354 885 407 equitum
918 367 1048 408 agens
1080 355 1124 395 in
1156 356 1416 397 stationibus

32 427 50 454 5
68 411 293 467 proximis,
333 426 427 453 cum
460 412 591 452 etiam
624 412 660 452 si
692 412 844 452 ciuitas
878 412 1038 466 absque
1068 414 1261 467 principe
1294 429 1417 456 uexa-

64 473 183 512 retur
232 471 431 524 opposita
474 470 749 511 multitudine
790 470 916 511 malis
962 471 1302 513 obsidionalibus
1350 487 1416 514 ex-

65 529 203 583 pediri
224 529 408 569 deberet.
439 529 575 569 4.hoc
589 531 706 569 metu
728 528 894 569 solutus
916 529 1237 571 efficacissimus
1259 530 1417 572 Caesar

65 587 321 641 prouidebat
343 587 558 628 constanti
592 587 893 640 sollicitudine,
925 592 973 629 ut
1004 588 1194 629 militum
1213 589 1414 630 diuturno

66 646 208 688 labori
239 646 358 700 quies
391 646 633 687 succederet
665 646 811 700 aliqua
843 646 943 687 licet
976 647 1119 688 breuis
1147 648 1200 688 ad
1225 662 1417 688 recrean-

13 719 48 746 10
67 705 141 745 das
184 708 330 745 tamen
370 704 586 745 sufficiens
628 704 758 757 uires,
803 719 1062 759 quamquam
1098 705 1255 747 ultima
1294 721 1417 760 squa-

66 763 203 804 lentes
235 763 382 817 inopia
419 766 558 804 terrae
592 777 716 816 saepe
755 764 988 804 uastitatae
1021 764 1176 818 exigua
1208 765 1416 819 quaedam

65 822 201 863 uictui
233 835 423 876 congrua
451 822 752 876 suggerebant.
803 822 842 863 5.
862 837 1012 863 uerum
1030 822 1112 863 hoc
1134 837 1302 877 quoque
1323 824 1416 864 dili-

67 880 214 934 gentia
245 883 393 921 cura-to
425 881 646 934 peruigili,
687 880 835 921 adfusa
868 880 1048 921 laetiore
1082 896 1155 934 spe
1193 896 1417 935 prospero-

65 954 171 992 rum,
204 939 375 980 sublato
409 940 551 980 animo
574 939 627 980 ad
648 939 891 993 exequenda
910 939 1097 992 plurima
1117 941 1416 994 consurgebat.

0 1011 47 1043 ¹15
185 996 229 1039 5.
253 998 288 1038 1.
303 997 496 1038 Primum
516 998 649 1052 igitur
669 998 869 1052 factuque
891 998 1065 1038 difficile
1085 999 1416 1052 temperantiam

0 1089 1 1116 ἦ
65 1056 157 1110 ipse
202 1056 286 1097 sibi
329 1056 485 1097 indixit
529 1060 656 1111 atque
700 1057 880 1097 retinuit
916 1060 1138 1111 tamquam
1183 1057 1414 1099 adstrictus

0 1124 1 1130 ¹
65 1115 344 1169 sumptuariis
376 1115 546 1169 legibus
578 1116 760 1167 uiueret,
800 1130 904 1168 quas
937 1130 987 1156 ex
1019 1115 1177 1156 rhetris
1213 1116 1417 1170 [Lycurgi

64 1173 125 1225 id]
160 1177 203 1215 et
235 1174 443 1214 axonibus
474 1173 658 1215 Romam
696 1174 930 1214 translatas
970 1174 1124 1228 diuque
1163 1175 1415 1216 obseruatas

66 1232 140 1273 sed
172 1236 439 1273 senescentes
471 1233 681 1286 paulatim
718 1232 936 1286 reparauit
970 1232 1091 1286 Sylla
1130 1233 1316 1274 dictator
1354 1248 1417 1275 re-

13 1305 48 1332 20
66 1294 223 1344 putans
245 1306 294 1332 ex
326 1291 557 1345 praedictis
578 1291 829 1342 Democriti,
862 1291 974 1344 quod
1007 1292 1284 1332 ambitiosam
1304 1306 1417 1333 men-

67 1364 159 1390 sam
184 1349 375 1402 fortuna,
400 1364 573 1403 parcam
600 1350 737 1390 uirtus
765 1350 955 1403 adponit.
1005 1350 1043 1390 2.
1064 1351 1106 1390 id
1140 1351 1254 1391 enim
1286 1351 1416 1391 etiam

66 1407 334 1449 Tusculanus
385 1407 492 1449 Cato
543 1408 774 1462 prudenter
825 1409 1048 1461 definiens,
1105 1409 1172 1450 cui
1223 1408 1416 1451 Censorii

66 1470 397 1521 cognomentum
430 1467 590 1508 castior
620 1467 735 1508 uitae
772 1467 927 1508 indidit
960 1467 1098 1508 cultus
1132 1468 1324 1522 ‘magna'
1357 1468 1416 1508 in—

66 1526 160 1580 quit
179 1525 298 1567 ‘cura
317 1526 415 1578 cibi,
447 1539 605 1579 magna
624 1526 799 1566 uirtutis
821 1526 1014 1566 incurias.
1053 1527 1092 1566 3.
1108 1527 1289 1580 denique
1322 1541 1416 1568 cum

13 1599 47 1624 25
67 1583 231 1638 legeret
262 1584 460 1625 libellum
494 1584 684 1637 adsidue,
725 1599 851 1638 quem
883 1584 1162 1626 Constantius
1200 1588 1249 1626 ut
1286 1586 1416 1639 priui-

66 1656 200 1697 gnum
231 1643 284 1684 ad
316 1643 457 1684 studia
488 1644 665 1684 mittens
698 1658 827 1684 manu
848 1658 924 1684 sua
944 1644 1266 1698 conscripserat,
1297 1659 1416 1698 prae-

66 1702 245 1743 licenter
277 1702 526 1755 disponens,
566 1702 667 1756 quid
699 1702 744 1742 in
776 1702 974 1743 conuiuio
1008 1701 1204 1744 Caesaris
1243 1704 1416 1757 inpendi

66 1760 257 1801 deberet:
299 1759 514 1801 fasianum
559 1764 601 1801 et
641 1761 816 1801 uuluam
856 1764 898 1802 et
937 1776 1087 1802 sumen
1125 1762 1240 1816 exigi
1277 1762 1416 1803 uetuit

66 1822 109 1860 et
146 1819 312 1873 inferri,
351 1820 564 1860 munificis
596 1819 750 1860 militis
782 1820 860 1860 uili
894 1824 935 1861 et
974 1820 1157 1861 fortuito
1191 1821 1286 1862 cibo
1320 1835 1416 1861 con-

11 1891 46 1918 so
64 1880 222 1919 tentus.

12 1986 17 1989 ³
185 1937 224 1977 4.
250 1936 363 1977 Hinc
396 1937 676 1991 contingebat
706 1940 753 1977 ut
784 1940 930 1978 noctes
966 1938 1017 1979 ad
1049 1937 1192 1978 officia
1207 1937 1416 1978 diuideret

66 1995 304 2049 tripertita,
345 1995 500 2049 quietis
541 1999 583 2036 et
619 1995 817 2049 publicae
855 1996 918 2036 rei
957 1998 999 2036 et
1030 2010 1264 2049 musarum,
1303 1996 1416 2050 quod

161 2101 176 2131 1
211 2098 374 2132 ciuitatis
409 2098 592 2132 obsidium
628 2098 661 2131 G
693 2098 838 2132 ciuitati
869 2098 1074 2133 subsidium
1115 2098 1229 2133 VPba
1322 2102 1340 2132 2
1370 2098 1416 2132 Et

72 2142 209 2187 VPb9a
299 2146 320 2176 4
344 2143 523 2187 magister
555 2142 589 2176 G
612 2152 678 2177 om.
703 2143 805 2180 codd.
899 2143 1091 2187 aequitum
1120 2143 1156 2176 V
1181 2143 1347 2187 quietem
1373 2144 1415 2178 ba

73 2191 109 2221 11
135 2189 307 2222 uastatae
328 2188 362 2222 G
410 2191 450 2221 12
476 2187 730 2232 suggerebant
749 2187 782 2222 G
807 2199 822 2221 s
845 2188 1078 2233 aggerebant
1098 2188 1132 2221 V
1176 2193 1216 2223 13
1240 2188 1417 2233 peruigili

65 2232 170 2276 Pbya
193 2231 392 2277 operuigili
419 2231 454 2264 V
497 2242 562 2276 spe
589 2232 620 2266 G
647 2243 662 2265 s
684 2243 752 2276 per
780 2232 892 2267 VPba
941 2236 983 2266 16
1007 2232 1104 2267 dixit
1131 2233 1200 2267 VP
1248 2237 1288 2266 17
1312 2233 1416 2267 retiis

76 2276 144 2311 VP
189 2275 352 2321 Lycurgi
377 2276 444 2311 del.
476 2276 636 2321 Wayneo·
686 2280 726 2311 18
750 2277 789 2310 id
814 2278 870 2311 est
894 2277 1024 2311 axibus
1052 2277 1119 2312 VP
1144 2277 1214 2312 del.
1238 2277 1415 2322 Eyssenh.

67 2320 211 2355 Solonis
234 2321 391 2357 inseruit
414 2321 460 2356 R.
486 2321 608 2356 Scholl
657 2326 697 2356 19
722 2323 779 2356 set
801 2322 848 2358 R.
874 2322 996 2358 Scholl
1022 2324 1059 2357 et
1084 2323 1187 2359 codd.
1247 2322 1342 2365 sylla
1365 2323 1417 2357 sic

73 2364 178 2399 VGA
270 2370 312 2400 22
331 2376 371 2409 p.
396 2369 474 2408 110,
499 2368 551 2400 22
574 2367 628 2403 ed.
654 2366 814 2404 Jordan.

140 2428 318 2455 Aunmxvs
336 2428 582 2455 MAchnnnws.
1183 2430 1202 2457 ἢ
