1573 2508
179 56 261 98 194
627 52 768 89 XVIIII
795 57 848 97 12,
875 57 1018 96 11-13‚
1042 57 1063 89 2

176 149 251 192 ubi
284 149 453 204 genitus
486 147 640 189 habuit
669 148 817 202 larem,
849 147 1126 203 inpetrandae
1159 160 1287 188 causa
1306 145 1527 189 cuiusdam

175 208 439 262 relinqueret
471 206 712 260 potestatis,
742 221 818 260 per
838 206 1025 261 quietem
1051 205 1301 248 deducentia
1331 219 1377 247 se
1406 204 1527 248 habi-

179 273 247 308 tus
293 265 447 319 tragici
485 265 692 320 figmenta
728 264 896 306 uiderat
932 265 1079 306 multa.
1151 265 1217 307 11.
1256 263 1526 309 Andronicus

180 328 332 378 postea
368 323 521 365 studiis
554 323 805 365 liberalibus
839 327 882 365 et
914 323 1167 365 claritudine
1188 323 1424 366 carminum
1453 338 1527 367 no·
1568 334 1569 339 ’

179 389 247 424 tus
281 383 325 423 in
357 382 559 424 iudicium
592 382 873 436 introductus,
914 396 1008 424 cum
1041 396 1191 423 secura
1221 384 1362 424 mente
1391 381 1525 426 nullis

179 440 494 495 suspicionibus
527 445 764 495 urgeretur,
795 441 1016 495 purgando
1049 455 1215 494 semper
1247 443 1290 482 et
1327 440 1526 484 fidentius
1566 438 1573 492 ,¹

183 499 407 541 absolutus
448 503 523 541 est.
589 500 653 541 12.
685 499 928 542 Demetrius
967 499 1115 541 itidem
1151 497 1334 554 Cythras
1373 511 1528 554 cogno-

178 561 321 600 mento
365 557 671 612 philosophus,
715 558 981 613 grandaeuus
1027 558 1196 613 quidem
1240 557 1312 599 sed
1351 571 1538 613 corpore·

178 617 307 658 durus
353 619 394 657 et
438 617 606 670 animo,
656 617 918 658 sacrificasse
969 617 1227 671 aliquotiens
1272 616 1528 672 confutatus,
1566 654 1567 658 ,

178 675 355 717 infitiari
388 689 475 716 non
512 675 665 729 potuit,
704 675 903 717 adserens
941 675 1202 730 propitiandi
1235 689 1363 717 causa
1392 675 1529 718 numi-

179 734 246 775 nis
279 733 382 774 haec
404 748 429 775 a
448 734 588 788 prima
608 734 895 775 adulescentia
916 734 1149 788 factitasse,
1179 748 1265 776 non
1290 733 1528 789 temptandi

182 792 435 834 sublimiora
468 793 688 842 scrutatis3
726 807 803 834 nec
836 793 949 834 enim
982 807 1237 847 quemquam
1275 793 1318 834 id
1348 796 1529 835 nouerat
1566 813 1568 821 ν

181 851 406 892 adfectare.
475 851 546 893 diu
587 851 734 906 itaque
776 851 1010 893 adhaerens
1053 852 1197 893 eculeo
1240 866 1335 893 cum
1375 851 1529 894 fiducia
1568 906 1569 911 Ἰ

179 910 301 964 graui
334 909 535 951 fimdatus
557 924 827 964 nequaquam
858 911 1030 951 uarians
1053 910 1198 952 eadem
1224 913 1369 952 oraret
1399 910 1529 952 intre-
1568 950 1569 955 ,

176 968 313 1022 pidus,
345 967 662 1021 Alexandriam,
683 969 792 1009 mide
814 968 1046 1022 oriebatur,
1078 969 1276 1010 ilmoxius
1298 969 1416 1010 abire
1435 983 1527 1023 per·
1545 987 1550 1009 ;

177 1026 332 1067 missus
367 1030 442 1067 est.

301 1085 366 1126 13.
397 1084 457 1126 Et
494 1085 573 1126 hos
614 1085 783 1138 quidem
823 1086 1016 1140 aliosque
1055 1100 1214 1140 paucos
1254 1101 1389 1141 aequa
1433 1100 1526 1129 sors

179 1143 377 1184 ueritatis
417 1143 603 1184 adiutrix
644 1144 846 1197 periculis
889 1144 1038 1186 eximit
1071 1144 1279 1198 abruptis.
1341 1145 1528 1188 crimini·

178 1202 258 1243 bus
290 1215 392 1243 uero
426 1202 696 1256 serpentibus
729 1202 859 1244 latius
892 1218 966 1257 per
999 1203 1228 1257 inplicatos
1260 1218 1392 1245 nexus
1434 1204 1527 1247 sine
1572 1211 1573 1215 ’

179 1261 261 1301 fine
283 1260 492 1302 distentos
526 1261 698 1315 quidam
732 1261 980 1315 corporibus
1014 1262 1190 1303 laniatis
1223 1262 1553 1317 extinguebant

176 1322 257 1372 tur,
291 1319 365 1360 alii
397 1320 546 1373 poenis
568 1320 844 1361 ulterioribus
866 1320 1057 1362 damuati
1090 1323 1189 1362 sunt
1219 1321 1343 1363 bonis
1371 1322 1528 1376 ereptis

177 1377 314 1418 Paulo
343 1381 590 1419 succentore
623 1378 867 1420 fabularum
889 1379 1124 1421 crudelium
1157 1380 1278 1434 quasi
1306 1394 1328 1421 e
1358 1394 1529 1435 promp-

181 1436 323 1477 tuaria
352 1436 459 1478 cella
492 1437 760 1478 fallaciarum
791 1441 832 1478 et
862 1438 1042 1480 nocendi
1076 1438 1237 1492 species
1269 1442 1528 1494 suggerente

178 1494 417 1548 conplures,
451 1495 567 1536 cuius
590 1510 638 1536 ex
671 1499 776 1537 nutu
809 1511 942 1550 prope
963 1497 1143 1538 dixerim
1175 1496 1387 1550 pendebat
1418 1498 1529 1539 ince-

177 1553 367 1594 dentium
401 1554 592 1595 omuium
625 1555 752 1595 salus.
818 1556 883 1596 14.
915 1570 1014 1597 nam
1048 1556 1159 1610 siqui
1192 1555 1380 1598 remedia
1406 1569 1557 1612 quar-5

178 1615 305 1652 tanae
338 1612 406 1652 uel
427 1613 590 1653 doloris
624 1613 799 1654 alterius
833 1614 946 1655 collo
979 1617 1181 1668 gestaret,
1213 1615 1303 1656 siue
1336 1630 1410 1670 per
1441 1629 1529 1657 mo-

178 1673 429 1711 numentum
462 1671 666 1712 transisse
687 1686 911 1725 uesperum
945 1673 1246 1715 maliuolorum
1279 1676 1529 1729 argueretur

178 1728 359 1782 indiciis,
381 1732 428 1770 ut
447 1730 658 1771 ueneficus
681 1730 1085 1786 sepulchrorumque
1106 1732 1304 1774 horrores
1326 1735 1369 1775 et
1387 1747 1528 1774 erran-

178 1787 286 1828 tium
327 1787 485 1828 ibidem
525 1789 763 1829 animarum
808 1789 995 1831 ludibria
1034 1791 1242 1845 colligens
1279 1806 1390 1833 uana
1432 1806 1527 1846 pro·

175 1846 398 1887 nuntiatus
446 1862 540 1888 reus
587 1847 737 1901 capitis
785 1848 1001 1889 interibat.
1072 1850 1137 1890 15.
1176 1853 1219 1890 et
1256 1864 1428 1903 prorsus
1466 1849 1528 1892 ita

175 1918 241 1945 res
264 1905 484 1958 agebatur,
506 1906 627 1959 quasi
649 1905 821 1947 Clarum
842 1907 1096 1949 Dodonaeas
1127 1908 1301 1950 arbores
1329 1910 1372 1950 et
1401 1908 1528 1950 effata.

175 1963 440 2016 Delphorum
462 1964 567 2005 olim
589 1965 817 2006 sollemnia
849 1966 892 2006 in
918 1966 1190 2020 imperatoris
1213 1967 1390 2008 exitium
1409 1966 1527 2008 solli-

176 2021 405 2063 citauerint
443 2023 579 2064 multi.
645 2024 708 2066 16.
748 2024 856 2065 unde
896 2025 1201 2066 blanditiarum
1239 2028 1379 2068 taetra
1416 2039 1527 2068 com·

265 2151 283 2180 4
319 2149 387 2181 »ost
403 2159 423 2182 a
441 2149 545 2183 codd.
594 2153 612 2183 7
628 2149 778 2192 cythras
792 2150 932 2184 VGAP
946 2151 1118 2191 cytharas
1132 2151 1172 2185 rb
1188 2151 1344 2196 Chytras
1361 2151 1528 2187 Valesius

173 2195 194 2225 8
210 2193 264 2225 sot
280 2191 300 2224 J
322 2203 471 2226 ormana
491 2195 527 2226 et
546 2194 649 2228 codd.
699 2200 740 2227 ‘20
759 2195 940 2229 distentos
957 2187 1062 2240 Pbya
1080 2196 1269 2231 destentos
1288 2196 1320 2230 V
1364 2200 1406 2230 22
1420 2195 1528 2240 quasi

177 2246 196 2269 e
216 2235 383 2271 Valesius
399 2248 533 2280 quasce
558 2238 624 2273 1⁷1¹
641 2250 731 2282 quas
750 2250 768 2274 c
788 2240 853 2284 bya
902 2244 943 2274 ‘23
962 2241 1103 2285 species
1120 2241 1342 2286 suggerente
1361 2240 1528 2276 Valesius

178 2280 316 2324 speties
341 2283 509 2325 egerent(
525 2294 569 2316 ue
601 2283 667 2318 VP
693 2284 815 2328 specie
848 2285 999 2329 egitque
1025 2285 1045 2320 b
1070 2296 1093 2319 α
1174 2289 1217 2320 26
1241 2286 1426 2330 gestarem
1460 2284 1550 2320 VP-

173 2329 217 2360 29
236 2324 393 2360 intidem
413 2325 442 2359 Γ
457 2297 622 2362 indidem
641 2328 672 2363 G
692 2328 781 2363 item
799 2329 880 2364 Pha
941 2333 982 2364 32
1002 2341 1040 2365 so
1060 2330 1166 2364 ennin
1181 2331 1249 2376 bqa
1279 2330 1440 2366 solentia
1459 2328 1530 2366 VP
1548 2356 1554 2368 ,v
