1573 2508
172 81 255 124 318
679 73 798 109 xxm
823 77 855 116 5,
881 74 1012 108 12-19

174 191 274 219 suae
313 174 355 216 id
399 169 748 226 praetendebant,
792 166 904 222 quod
949 168 991 208 et
1030 164 1293 208 Maximiano
1338 161 1556 206 antehac*

175 233 348 278 Caesari
387 245 482 273 cum
513 228 680 271 Narseo
712 227 941 268 Persarum
979 237 1080 279 rege
1118 223 1205 266 iam
1238 223 1556 277 congressura,l

174 294 321 336 itidem
353 291 421 331 leo
455 292 498 330 et
531 301 632 342 aper
662 286 816 340 ingens
848 283 1052 326 trucidati
1084 282 1211 324 simul
1243 280 1380 324 oblati
1409 281 1524 334 sunt,

174 358 217 395 et
249 351 450 405 superata
482 348 610 401 gente
633 343 831 386 discessit
862 341 1101 394 incolumis,
1132 341 1209 383 illo
1230 340 1407 382 minime
1425 352 1523 381 con-

173 410 401 464 templato,
428 405 540 461 quod
561 404 702 446 aliena
720 402 886 457 petenti
917 400 1252 455 portendebatur
1279 397 1458 440 exitium
1486 416 1491 421 ·
1513 415 1536 439 m·

174 470 364 512 Narseus
409 465 573 520 primus
617 461 868 503 Armeniam
911 459 1107 501 Romano
1157 458 1240 499 iuri
1290 455 1556 513 obnoxiamr.

175 527 414 582 occuparat.
479 523 545 564 12.
578 523 723 563 secuto
756 519 906 561 itidem
938 518 1017 571 die,
1056 517 1128 572 qui
1161 518 1252 558 erat
1289 514 1556 569 septimunt'

174 587 269 628 idus
301 583 486 638 Aprilis,
519 581 608 622 sole
641 582 846 633 uergente
878 577 965 620 iam
996 577 1042 617 in
1072 589 1270 617 occasum
1301 588 1352 615 ex
1388 586 1555 627 parua

173 643 386 686 nubecula
418 641 561 682 subito
595 653 689 680 aere
723 639 912 679 crassato
945 650 1046 676 usus
1079 633 1281 676 adimitur
1318 631 1438 686 lucis,
1476 645 1519 673 e
1554 629 1555 639 ¹

174 707 273 758 post
304 715 516 743 minacem
547 701 787 739 tonitruum
820 694 1096 737 crebritatem
1129 696 1172 734 et
1203 692 1426 746 fulgurum
1455 688 1521 732 Io·
1553 688 1555 693 ’

178 819 386 872 concidit,
443 831 548 872 quos
598 818 703 869 potu
754 813 935 854 satiatos
986 827 1011 852 a
1059 810 1232 852 flumine
1282 807 1543 850 reducebat.
1554 807 1555 822 ³

179 880 244 922 13.
277 891 409 931 eoque
441 876 534 918 uiso
573 874 726 915 harum
758 886 900 913 rerum
939 871 1197 923 interpretes
1230 866 1425 909 arcessiti
1461 861 1555 918 in-⁸¹

175 936 472 991 terrogatique
506 934 636 974 etiam
668 932 711 973 id
743 933 889 972 uetare
921 928 1190 983 procinctum
1221 925 1420 967 fidentius
1453 923 1573 971 ad-

176 996 423 1047 firmabant,
454 993 617 1034 fulmen
657 989 951 1031 consiliarium
989 1002 1081 1028 esse
1114 986 1422 1027 monstrantes:
1459 982 1541 1024 ita‘

177 1055 291 1096 enim
338 1051 610 1106 appellantur
656 1064 764 1103 quae
809 1046 1056 1089 dissuadent
1105 1043 1267 1098 aliquid
1316 1041 1410 1084 fieri
1452 1040 1530 1084 uel>
1549 1071 1567 1104 1

177 1113 367 1155 suadent.
429 1110 607 1163 ideoque
640 1107 721 1148 hoc
752 1106 880 1147 nimis
913 1104 1165 1157 cauendum,
1198 1101 1308 1157 quod
1340 1100 1525 1142 militem
1554 1127 1555 1130 =

176 1172 279 1213 celsi
311 1169 497 1211 nominis
518 1182 613 1209 cum
644 1165 888 1207 bellatoriis
920 1163 1122 1205 iumentis
1144 1159 1338 1213 extinxit,
1369 1161 1413 1201 et
1442 1158 1543 1200 hoo·

176 1230 301 1272 modo
335 1230 531 1270 contacta
563 1226 657 1267 loca
688 1239 765 1266 nec
798 1222 954 1265 intueri
974 1236 1050 1263 nec
1072 1220 1228 1262 calcari
1260 1218 1413 1260 debere
1443 1216 1525 1258 ful-

176 1288 348 1343 gurales
381 1285 663 1341 pronuntiant
695 1283 807 1324 libri.
872 1282 937 1322 14.
969 1283 1118 1322 contra
1148 1276 1396 1333 philosophi
1427 1289 1523 1318 can-

176 1348 322 1389 dorem
364 1345 476 1399 ignis
519 1343 629 1384 sacri
668 1344 841 1395 repente
884 1338 1099 1393 conspecti
1131 1336 1239 1379 nihil
1282 1324 1553 1389 significare&

176 1406 368 1457 aiebant,
407 1403 479 1444 sed
512 1416 604 1443 esse
638 1400 815 1442 acrioris
855 1398 1032 1452 spirit-us
1065 1411 1233 1438 cursum
1267 1409 1318 1435 ex
1351 1392 1553 1449 aethere?

176 1464 321 1518 aliqua
354 1462 397 1503 ui
436 1461 488 1503 ad
526 1459 731 1501 inferiora
764 1458 997 1510 detrusum,
1036 1458 1109 1497 aut·
1148 1454 1183 1496 si
1216 1451 1367 1495 exinde
1406 1457 1553 1507 prae-l

175 1522 367 1563 noscitur
412 1519 597 1574 aliquid,
648 1518 912 1559 incrementa
955 1513 1222 1556 claritudinis
1272 1509 1554 1564 imperatori}

175 1580 375 1635 portendi
425 1578 618 1632 gloriosa
668 1574 909 1629 coeptanti,
966 1588 1060 1614 cum
1111 1572 1278 1613 constet
1327 1562 1553 1626 flammas}¹

177 1642 326 1692 suapte
359 1640 514 1678 natura
550 1635 671 1676 nullo
711 1634 910 1675 obstante
950 1631 1002 1673 ad
1042 1629 1246 1671 sublimia
1284 1627 1553 1677 conuolare.:·

298 1697 362 1737 15.
384 1695 565 1736 Peracto
598 1693 743 1747 igitur,
776 1695 824 1733 ut
851 1693 948 1732 ante
981 1690 1141 1730 dictum
1163 1691 1238 1740 est,
1270 1688 1400 1741 ponte
1427 1699 1524 1727 cun·
1549 1707 1552 1715 ·

176 1756 339 1809 ctisque
373 1752 656 1806 transgressis
689 1751 924 1804 imperator
957 1747 1303 1802 antiquissimum
1333 1744 1553 1792 omnium.

175 1818 294 1855 ratus
327 1816 392 1853 est
425 1812 607 1852 militem
635 1809 808 1863 adloqui
841 1808 906 1849 sui
938 1806 1202 1859 rectorisque
1240 1803 1394 1845 fiducia
1429 1816 1525 1857 pro-

176 1875 399 1926 perantem
432 1869 655 1924 intrepide.
707 1868 830 1921 signo
864 1867 1008 1920 itaque
1040 1879 1116 1918 per
1148 1864 1280 1905 lituos
1306 1862 1405 1903 dato
1427 1871 1553 1914 eumq

176 1930 391 1972 centuriae
425 1943 571 1970 omnes
605 1930 647 1968 et
678 1926 876 1967 cohortes
903 1928 946 1965 et
972 1922 1180 1976 manipuli
1212 1920 1551 1973 conuenissent,⁴

176 1990 267 2042 ipse
301 2001 458 2041 aggere
492 1986 654 2040 glebali
688 1984 900 2026 adsistens
935 1996 1172 2035 coronaque
1205 1980 1415 2021 celsarum
1447 1977 1524 2019 cir-

176 2047 400 2087 cumdatus
442 2048 706 2098 potestatum
745 2042 853 2083 talia
884 2056 956 2083 ore
996 2055 1144 2081 sereno
1177 2037 1378 2079 disseruit
1409 2036 1525 2078 fauo-

176 2105 328 2146 rabilis
363 2104 503 2144 studio
538 2102 734 2144 concordi
763 2103 1029 2141 cunctorum:

267 2226 330 2257 '11
362 2223 407 2257 de
433 2233 496 2256 om.
520 2222 552 2255 V
553 2222 654 2265 Pbya
730 2224 770 2254 15
795 2218 1063 2254 consiliati-ium
1094 2216 1160 2252 VP
1231 2219 1273 2250 22
1299 2214 1451 2249 aerioris
1478 2213 1522 2248 V¹

177 2270 245 2302 *²3
272 2268 334 2302 uia
363 2267 499 2311 Vqua
525 2267 715 2300 detrusum
740 2265 880 2299 VGAI'
905 2264 1100 2298 decursum
1118 2261 1157 2295 rb
1232 2263 1274 2294 ⁶26
1299 2259 1470 2294 obstante
1489 2258 1525 2293 G

178 2313 333 2357 optante
357 2311 470 2346 VPba
539 2310 736 2344 conualere
769 2309 834 2344 VI'
899 2310 965 2343 *27
991 2307 1148 2341 Peracto
1168 2305 1238 2339 ΘΛ
1290 2305 1414 2338 raetor
1435 2302 1524 2339 VPb

178 2358 346 2402 perfecto
375 2356 414 2391 0.
439 2356 484 2390 F.
516 2355 572 2390 W.
599 2355 737 2389 Mrzller
800 2359 842 2388 30
866 2353 978 2388 lituos
997 2352 1067 2387 ΘΔ
1091 2350 1212 2395 liquos
1287 2348 1450 2393 reliquos
1466 2346 1524 2383 Pb
