1614 2549
0 2358 4 2549 l

663 84 894 119 IVLIANVS
919 88 983 119 361
1373 85 1456 128 269

108 180 258 235 uigore
304 182 403 221 sunt
447 181 582 233 gesta.
643 178 931 233 Apodemium
968 179 1082 220 enim
1124 193 1175 220 ex
1212 181 1367 233 agente
1411 179 1457 221 in

106 239 246 291 rebus,
278 252 403 292 quem
434 237 480 279 in
512 236 678 279 Siluani
710 252 856 279 necem
888 241 932 279 et
964 237 1081 279 Galli
1112 237 1359 278 effrenatius
1393 252 1456 278 ar·

108 297 214 338 sisse
247 297 478 350 docuimus,
516 296 782 351 Paulumque
813 296 1031 338 notarium
1063 298 1347 350 cognomento
1381 294 1455 337 Ca-

107 358 266 410 tenam,
298 369 394 396 cum
413 355 651 397 multorum
683 356 848 410 gemitu
865 355 1184 408 nominandum,
1215 355 1338 396 uiuos
1360 369 1457 396 exu-

75 427 93 453 5
112 416 202 456 stos
236 414 309 468 qui
342 414 505 468 sperari
538 414 697 468 debuit,
729 414 944 468 oppressit
976 417 1167 454 euentus.
1231 414 1296 454 12.
1327 413 1459 454 Euse-

107 472 229 514 bium
267 487 394 527 super
437 473 518 527 hjS,
563 473 630 514 cui
674 475 766 514 erat
799 471 1102 514 Constantiani
1141 472 1324 513 thalami
1357 486 1460 513 cura

108 532 350 585 commissa,
389 532 476 573 alte
516 532 751 585 spirantem
789 534 832 572 et
870 532 1021 585 dirum,
1058 531 1257 572 addixere
1294 545 1458 584 poenae

108 590 243 643 letali,
276 605 401 645 quem
434 591 487 631 ab
520 590 607 631 ima
642 593 757 632 sorte
797 590 849 631 ad
888 605 1020 644 usque
1058 590 1290 631 iubendum
1327 590 1459 643 impe-

107 649 241 690 ratori
265 664 401 703 paene
422 650 585 690 elatum
604 650 782 704 ideoque
808 649 1141 702 intolerabilem,
1172 648 1458 689 humanorum

56 723 90 747 10
111 709 345 761 spectatrix
377 708 582 749 Adrastia
614 723 759 749 aurem
792 732 847 737 -—
881 708 992 762 quod
1018 708 1173 749 dicitur
1205 732 1260 736 ——
1292 707 1458 748 uellens

109 781 371 821 monensque
403 770 451 808 ut
483 767 737 821 castigatius
770 767 949 820 uiueret,
980 767 1263 808 reluctantem
1299 765 1459 820 praeci-

107 825 242 879 pitem
274 828 496 880 tamquam
528 841 549 867 6
581 841 685 880 rupe
719 826 903 880 quadam
935 826 1025 880 egit
1057 825 1236 866 excelsa.

228 883 272 926 4.
308 885 344 925 1.
377 883 619 926 Conuersus
651 887 751 938 post
781 884 887 926 haec
918 885 1117 939 princeps
1151 884 1204 924 ad
1240 883 1458 937 palatinos

109 957 256 984 omnes
296 943 469 985 omnino
503 944 576 998 qui
615 946 714 984 sunt
753 944 909 998 quique
942 957 1034 984 esse
1066 944 1258 996 possunt,
1294 956 1382 983 non
1412 944 1460 982 ut

56 1015 90 1042 15
107 1001 392 1056 philosophus
411 1002 608 1043 ueritatis
635 1002 902 1056 indagandae
929 1001 1159 1056 professor.
1221 1002 1261 1042 2.
1292 1000 1460 1041 laudari

108 1060 224 1101 enim
254 1063 436 1114 poterat,
468 1061 505 1102 si
537 1061 691 1102 saltem
723 1061 966 1102 moderatos
988 1060 1195 1115 quosdam
1226 1059 1328 1100 licet
1359 1074 1460 1113 pau-

109 1133 179 1161 cos
211 1119 462 1161 retinuisset
498 1134 751 1174 morumque
789 1120 1006 1174 probitate
1045 1121 1282 1173 conpertos.
1343 1132 1460 1159 nam-

110 1193 191 1232 que
222 1179 445 1220 fatendum
479 1181 554 1233 est,
586 1179 835 1233 pleramque
869 1193 1017 1220 eorum
1047 1180 1217 1232 partem
1253 1178 1459 1219 uitiorum

110 1237 302 1279 omnium
333 1238 610 1279 seminarium
643 1237 815 1279 effusius
836 1237 993 1278 aluisse
1026 1238 1099 1291 ita,
1130 1240 1179 1278 ut
1199 1251 1290 1278 rem
1321 1236 1460 1292 publi-

56 1310 92 1335 20
111 1310 205 1338 cam
231 1296 458 1338 infecerint
491 1296 797 1350 cupiditatibus
829 1296 988 1350 prauis,
1025 1296 1207 1350 plusque
1240 1296 1460 1350 exemplis,

111 1370 240 1409 quam
258 1356 464 1409 peccandi
496 1356 671 1397 licentia
690 1355 911 1396 laederent
930 1356 1103 1396 multos.
1154 1355 1192 1396 3.
1212 1355 1327 1408 pasti
1347 1355 1461 1396 enim

111 1428 162 1455 ex
199 1414 267 1455 his
307 1414 480 1468 quidam
517 1414 778 1468 templorum
817 1414 978 1468 spoliis,
1017 1416 1060 1455 et
1103 1414 1224 1455 lucra
1260 1428 1310 1455 ex
1343 1414 1461 1455 omni

110 1473 338 1514 odorantes
384 1473 632 1526 occasione,
677 1473 730 1514 ab
777 1475 969 1528 egestate
1014 1473 1161 1514 infima
1205 1473 1258 1513 ad
1302 1473 1461 1514 saltum

110 1531 272 1573 sublati
292 1531 541 1573 diuitiarum
561 1532 814 1586 ingentium,
839 1546 917 1573 1166
937 1532 1151 1586 largiendi
1169 1546 1247 1573 nec
1266 1532 1462 1586 rapiendi

57 1603 92 1629 25
110 1605 189 1632 nec
221 1591 472 1632 absumendi
509 1594 684 1632 tenuere
717 1591 904 1646 aliquem
942 1591 1128 1644 modum,
1166 1591 1308 1632 aliena
1345 1591 1462 1633 inua-

110 1650 209 1691 dere
242 1664 410 1703 semper
442 1650 688 1691 adsuefacti.
749 1650 789 1691 4.
822 1650 930 1691 unde
963 1650 1157 1691 fluxioris
1189 1649 1305 1691 uitae
1337 1650 1462 1691 initia

110 1709 381 1763 pullularunt
412 1711 454 1749 et
484 1709 674 1763 periuria
706 1711 749 1750 et
779 1709 924 1750 nullus
959 1709 1291 1750 existimationis
1323 1724 1462 1763 respe-

111 1770 216 1822 ctus,
249 1768 506 1822 demensque
539 1768 741 1822 superbia
769 1768 898 1809 fidem
930 1782 1052 1809 suam
1082 1768 1305 1821 probrosis
1339 1782 1462 1822 quae—

113 1824 250 1868 stibus
282 1827 519 1880 polluebat.
582 1827 620 1868 5.
651 1827 765 1868 inter
798 1841 904 1881 quae
936 1826 1151 1880 ingluuies
1185 1829 1228 1868 et
1266 1827 1460 1880 gurgites

58 1898 94 1924 30
113 1900 284 1927 creuere
334 1885 558 1940 praerupti
603 1886 898 1927 conuiuiorum
949 1888 991 1926 et
1039 1900 1116 1939 pro
1161 1885 1460 1926 uictorialibus

114 1944 307 1998 epulares
340 1944 567 1998 triumphi,
604 1959 789 1998 ususque
831 1944 1097 1986 abundantes
1137 1944 1262 1985 serici
1295 1947 1337 1992 et
1374 1947 1462 1986 tex-

206 2150 223 2179 1
249 2146 379 2180 uiuore
408 2147 479 2181 ΘΑ
502 2146 644 2181 uictore
674 2146 763 2180 VPb
854 2150 876 2180 4
901 2147 1049 2181 exustos
1074 2157 1142 2182 om.
1176 2147 1218 2191 by
1312 2151 1331 2182 7
1358 2147 1461 2181 addi-

113 2201 200 2225 xere
228 2192 267 2225 et
290 2174 412 2225 &irum
442 2191 530 2226 VPb
554 2195 733 2234 transpos.
762 2190 796 2224 G
870 2195 890 2226 8
915 2191 1134 2236 imperatori
1161 2191 1195 2226 G
1221 2192 1464 2236 imperatoria

119 2235 233 2270 VPba
326 2240 366 2270 11
391 2237 540 2271 uiueret
566 2236 637 2270 GA
668 2236 815 2271 ueniret
843 2236 932 2270 VPb
1025 2241 1067 2271 14
1094 2240 1177 2281 post
1208 2239 1363 2282 possunt
1393 2239 1462 2272 lac.

113 2280 228 2315 indic.
252 2280 429 2325 Eyssenh.
496 2285 537 2316 15
562 2280 797 2326 indagandae
821 2281 993 2316 ueritatis
1017 2286 1186 2325 transpos
1211 2284 1253 2327 bg]
1314 2287 1355 2317 17
1380 2293 1462 2327 pro-

114 2325 234 2360 bitate
258 2326 363 2369 Pbya
388 2326 545 2370 probate
576 2326 610 2359 V
682 2330 724 2360 23
749 2325 878 2360 infima
904 2328 938 2362 G
961 2327 1109 2362 infirma
1137 2327 1251 2362 VPba
1327 2331 1370 2361 24
1394 2338 1463 2361 nec

115 2370 287 2414 rapiendi
315 2370 457 2405 VGAP
480 2381 547 2408 om.
574 2371 593 2405 b
685 2374 728 2405 30
753 2381 903 2406 creuere
932 2372 965 2406 G
997 2383 1123 2407 cruere
1160 2372 1227 2406 VP
1258 2383 1387 2407 eruere
1419 2373 1461 2407 ba
