1614 2549
0 449 1 455 ἵ
36 409 55 436 5

21 704 55 729 10

22 996 56 1021 15

23 1288 58 1314 20

25 1581 61 1608 25

364 65 700 102 CONSTANTIVS
725 66 788 101 ET
814 65 999 101 GALLVS
1025 70 1089 101 353
1373 68 1426 109 17

191 161 234 203 6.
265 162 300 202 1.
333 160 452 201 Inter
470 157 758 202 haee‘Orfitus
779 159 985 214 praefecti
1004 163 1220 214 potestate
1240 161 1421 215 regebat

72 221 222 262 urbem
259 222 480 261 aeternam
511 219 625 260 ultra
657 219 830 260 modum
863 219 1030 260 delatae
1063 219 1289 273 dignitatis
1330 234 1422 261 sese

75 278 251 320 efferens
290 278 537 331 insolenter,
574 278 641 319 uir
679 277 849 332 quidem
886 278 1070 331 prudens
1110 280 1152 319 et
1188 277 1424 319 forensium

74 337 349 392 negotiorum
382 336 538 390 oppido
583 349 761 391 gnarus,
807 336 878 377 sed
912 336 1139 390 splendore
1178 337 1422 378 liberalium

74 395 366 437 doctrinarum
397 394 537 436 minus
572 409 700 450 quam
730 395 920 436 nobilem
955 395 1154 436 decuerat
1185 395 1423 445 institutus,

74 468 156 509 quo
188 453 517 495 administrante
550 453 781 494 seditiones
804 456 903 494 sunt
923 453 1163 495 concitatae
1191 467 1345 508 graues
1368 455 1422 495 ob

72 513 264 566 inopiam
294 513 404 553 uini:
436 511 562 553 huius
596 511 732 552 auidis
765 512 914 553 usibus
946 512 1102 566 uulgus
1136 513 1350 554 intentum
1372 513 1423 553 ad

73 574 215 612 motus
249 585 422 625 asperos
455 570 667 612 excitatur
699 573 740 611 et
773 571 956 611 crebros.

192 630 230 671 2.
270 629 328 671 Et
361 629 562 683 quoniam
596 629 744 670 mirari
776 644 900 682 posse
934 629 1142 684 quosdam
1173 630 1424 684 peregrinos

74 688 272 730 existimo
287 688 392 729 haec
407 688 593 729 lecturos
607 687 804 741 forsitan,
826 688 862 728 si
883 688 1125 742 contigerit,
1147 688 1427 742 quamobrem

75 761 169 788 cum
201 747 341 789 oratio
383 747 435 788 ad
474 761 523 788 ea
553 747 834 788 monstranda
866 747 1086 788 deflexerit
1124 762 1232 802 quae
1262 746 1427 788 Romae

75 808 334 860 gererentur,
364 805 474 847 nihil
493 809 663 860 praeter
684 805 915 846 seditiones
935 809 1136 847 narratur
1156 809 1199 847 et
1223 806 1427 847 tabernas

76 868 118 905 et
136 864 328 905 uilitates
360 864 514 905 harum
546 864 701 905 similis
735 864 856 918 alias,
889 864 1137 905 summatim
1159 879 1308 905 causas
1335 879 1428 917 per-

76 923 288 977 stringam
331 937 543 977 nusquam
580 939 604 964 a
643 923 826 964 ueritate
866 926 1017 977 sponte
1054 923 1230 977 propria
1268 923 1426 976 digres-

78 996 212 1023 surus.

193 1041 232 1081 3.
265 1039 476 1094 Tempore
498 1055 580 1094 quo
602 1040 753 1095 primis
775 1040 977 1094 auspiciis
1000 1040 1046 1081 in
1065 1040 1327 1082 mundanum
1347 1040 1429 1081 ful-

77 1112 225 1152 gorem
257 1102 453 1153 surgeret
484 1100 651 1140 uictura
682 1099 782 1140 dum
815 1102 940 1140 erunt
971 1099 1169 1140 homines
1195 1098 1347 1152 Roma,
1382 1102 1429 1140 ut

78 1160 305 1212 augeretur
337 1157 594 1199 sublimibus
628 1158 916 1211 incrementis,
947 1158 1116 1198 foedere
1148 1158 1266 1211 pacis
1295 1161 1430 1199 aeter-

76 1231 156 1257 nae
175 1215 326 1257 Virtus
348 1216 547 1257 conuenit
574 1220 702 1271 atque
723 1215 911 1257 Fortuna
943 1217 1193 1270 plerumque
1225 1216 1431 1257 dissiden-

78 1277 155 1328 tes,
188 1289 365 1329 quarum
401 1275 437 1315 si
469 1275 606 1315 altera
637 1275 855 1328 defuisset,
894 1275 946 1316 ad
977 1275 1212 1329 perfectam
1244 1289 1331 1316 non
1362 1290 1431 1316 ue-

77 1337 201 1374 nerat
215 1333 518 1374 summitatem.
549 1334 588 1374 4.
610 1334 698 1375 eius
718 1334 901 1387 populus
917 1333 969 1374 ab
986 1333 1258 1375 incunabulis
1279 1334 1430 1387 primis

78 1392 132 1433 ad
162 1406 295 1446 usque
327 1392 537 1446 pueritiae
569 1395 738 1446 tempus
772 1395 1021 1446 extremum,
1054 1392 1167 1447 quod
1199 1392 1322 1433 annis
1356 1392 1432 1433 cir·

79 1450 362 1491 cumcluditur
393 1450 481 1492 fere
501 1451 716 1504 trecentiS,
743 1451 1083 1492 circummurana
1103 1451 1284 1505 pertulit
1307 1451 1432 1503 bella,

79 1509 228 1550 deinde
280 1512 466 1550 aetatem
510 1510 730 1564 ingressus
775 1510 968 1551 adultam
1018 1513 1119 1564 post
1168 1510 1431 1564 multiplices

79 1567 291 1609 bellorum
337 1583 560 1610 aerumnas
606 1568 739 1623 Alpes
784 1568 1050 1610 transcendit
1089 1572 1131 1610 et
1174 1569 1344 1623 fretum,
1388 1569 1434 1610 in

80 1627 278 1668 iuuenem
311 1630 475 1668 erectus
509 1630 551 1668 et
582 1628 723 1669 uirum
755 1642 805 1669 ex
838 1628 952 1669 omni
988 1627 1121 1682 plaga
1153 1642 1283 1682 quam
1315 1627 1433 1669 orbis

82 1685 221 1727 ambit
269 1685 512 1739 inmensus,
569 1686 808 1740 reportauit
858 1686 1026 1728 laureas
1078 1690 1121 1728 et
1177 1686 1435 1740 triumphos,

19 1794 23 1797 η
82 1744 253 1798 iamque
284 1758 465 1800 uergens
498 1745 543 1786 in
575 1746 741 1786 senium
774 1748 816 1786 et
846 1745 1018 1787 nomine
1052 1745 1144 1787 solo
1173 1745 1433 1800 aliquotiens

1131 1804 1148 1812 -ι

83 1802 256 1845 uincens
289 1803 342 1844 ad
373 1804 678 1858 tranquilliora
708 1804 824 1845 uitae
856 1804 1065 1845 discessit.
1127 1815 1166 1845 ο.
1204 1804 1298 1845 ideo
1331 1803 1434 1845 urbs

30 1875 65 1902 30
82 1862 340 1903 uenerabilis
372 1866 472 1916 post
504 1863 710 1917 superbas
732 1863 1001 1904 efferatarum
1032 1863 1227 1917 gentium
1248 1862 1434 1904 ceruices

84 1934 310 1975 oppressas
343 1921 540 1976 latasque
572 1922 691 1976 leges
730 1921 1010 1964 fundamenta
1049 1921 1266 1962 libertatis
1300 1924 1342 1962 et
1373 1936 1437 1962 re-

83 1979 273 2021 tinacula
305 1981 565 2034 sempiterna
596 1981 715 2022 uelut
752 1980 868 2035 frugi
904 1995 1058 2033 parens
1093 1983 1134 2021 et
1174 1980 1360 2034 prudens
1394 1984 1436 2020 et

84 2037 202 2080 diues
235 2037 491 2080 Caesaribus
524 2043 747 2094 tamquam
780 2039 928 2080 liberis
962 2039 1050 2080 suis
1082 2039 1269 2093 regenda
1305 2038 1438 2092 patri-

176 2180 192 2210 1
219 2188 264 2210 ur
290 2177 372 2221 Ιῖασ.
390 2181 410 2211 9
429 2177 517 2223 Μὴ]
545 2188 633 2212 nam
655 2177 698 2210 Vl
724 2177 855 2211 urbem
881 2178 980 2212 etate
1005 2188 1092 2211 nam
1123 2177 1226 2211 V²Pr
1241 2176 1381 2211 Vrbem
1403 2176 1436 2210 G

85 2219 227 2255 Vrbem
250 2222 442 2256 aeternam
458 2223 495 2256 A
541 2226 561 2256 6
585 2233 658 2266 quo
676 2221 958 2256 administrante
979 2221 1013 2256 G
1030 2222 1129 2266 quod
1147 2223 1382 2256 ministrante
1406 2220 1441 2254 1·

86 2268 107 2300 8
131 2266 254 2300 motus
279 2266 343 2310 hya
369 2266 565 2301 mittentus
586 2267 656 2301 VP
709 2270 749 2301 17
774 2266 920 2301 uictura
935 2268 969 2300 A
995 2278 1038 2300 ur
1062 2267 1183 2301 ictura
1204 2265 1271 2301 VP
1296 2272 1336 2300 ut
1361 2266 1436 2300 uic-

86 2311 172 2344 tura
195 2311 239 2355 by
330 2315 374 2346 24
398 2312 446 2346 ad
476 2311 645 2346 ultimam
675 2311 742 2346 VP
834 2316 875 2345 2²7
902 2311 1046 2345 laureas
1079 2314 1117 2346 et
1142 2312 1330 2356 Kz'essle'ny
1360 2311 1439 2346 lau-

87 2365 193 2389 reace
228 2355 258 2388 V
277 2355 428 2391 laureae
452 2357 555 2401 Pbyct
650 2362 692 2391 30
717 2356 1016 2401 superbum‘l'I'

161 2419 337 2446 AmnAsvs
358 2421 602 2447 MARCELMNL'S.

1208 2440 1224 2448 ..a
