1614 2549
354 97 689 134 CONSTANTIVS
715 100 776 134 ET
802 99 1033 137 IVLIANVS
1059 106 1123 138 357
1336 102 1414 147 103

59 207 214 236 arcana
245 193 357 234 hunc
389 192 526 234 filium
559 207 683 235 suum
713 194 1036 249 Agenarichum
1075 197 1258 252 genitali
1289 213 1414 240 uoca-

58 252 161 294 bulo
180 251 427 293 dictitatum
446 252 499 293 ad
519 250 769 307 Serapionis
792 254 1017 297 transtulit
1042 270 1211 298 nomen.
1244 256 1312 298 26.
1332 257 1411 298 hos

58 311 344 366 sequebantur
375 313 593 365 potestate
624 312 811 366 proximi
842 327 966 368 reges
999 329 1178 357 numero
1222 315 1409 370 quinque

57 369 309 424 regalesque
348 369 493 411 decem
532 372 576 411 et
614 371 874 425 optimatum
912 373 1045 414 series
1083 386 1244 428 magna
1275 389 1411 416 arma-

17 442 34 469 5
56 431 281 482 torumque
314 429 437 470 milia
468 429 652 483 triginta
684 433 726 471 et
759 431 957 485 quinque,
990 447 1041 473 ex
1061 433 1193 474 uariis
1226 433 1410 475 nationi-

55 486 134 528 bus
164 487 325 541 partim
358 487 568 541 mercede,
611 488 773 542 partim
813 493 940 543 pacto
974 491 1285 532 uicissitudinis
1318 492 1409 534 red-

53 545 214 587 dendae
247 546 454 600 quaesita.

171 605 240 645 27.
251 604 426 659 Iamque
440 607 613 647 toruum
627 607 984 661 concrepantibus
1000 608 1116 649 tubis
1127 607 1310 650 seuerus
1323 610 1407 651 dux

52 662 346 706 Romanorum
378 664 513 705 aciem
546 663 736 719 dirigens
770 665 939 707 laeuam
972 681 1068 708 cum
1099 681 1234 721 prope
1266 666 1406 709 fossas

11 736 33 762 ,ο
52 725 316 764 armatorum
348 722 529 764 refertas
561 724 764 778 uenisset,
797 724 907 765 unde
941 725 1201 779 dispositum
1233 728 1327 767 erat
1360 729 1407 768 ut

52 780 189 822 abditi
220 785 395 835 repente
430 782 570 823 exorti
608 785 760 824 cuncta
797 784 1042 837 turbarent,
1082 784 1204 825 stetit
1243 784 1406 838 inpaui-

50 838 127 881 dus
161 841 484 895 suspectiorque
517 840 567 881 de
601 842 794 883 obscuris
827 857 904 883 nec
925 842 1084 883 referre
1118 843 1300 896 gradum
1327 857 1406 884 nec
1435 888 1442 897 ‚

49 898 231 940 ulterius
265 899 326 940 ire
360 899 604 953 temptauit.
654 900 722 942 28.
756 915 839 954 quo
872 901 966 942 uiso
1000 901 1218 942 animosus
1252 905 1404 943 contra

51 957 221 999 labores
253 958 463 999 maximos
485 956 644 999 Caesar
664 959 857 1000 ducentis
892 960 1108 1014 equitibus
1137 962 1324 1014 saeptus,
1357 963 1404 1002 ut

8 1028 32 1055 .5
51 1017 178 1058 ardor
209 1017 375 1071 negotii
407 1016 654 1071 flagitabat,
693 1018 868 1072 agmina
904 1018 1099 1072 peditum
1137 1019 1302 1072 impetu
1335 1034 1404 1060 ue-

48 1075 133 1117 loci
147 1075 388 1117 discurrens
402 1076 545 1117 uerbis
560 1075 828 1118 hortabatur.
862 1077 930 1118 29.
952 1080 995 1118 et
1010 1078 1213 1132 quoniam
1227 1078 1404 1132 adloqui

47 1134 212 1188 pariter
250 1149 396 1176 omnes
434 1149 511 1176 nec
556 1135 782 1189 longitudo
821 1137 1061 1190 spatiorum
1106 1139 1282 1178 extenta
1325 1151 1403 1178 nec

47 1193 93 1234 in
123 1209 255 1235 unum
287 1196 460 1235 coactae
492 1193 784 1235 multitudinis
816 1195 1091 1248 permitteret
1114 1195 1323 1236 crebritas
1346 1220 1401 1224 —

48 1255 91 1294 et
124 1253 287 1309 alioqui
319 1253 488 1294 uitabat
526 1253 738 1307 grauioris
778 1253 964 1294 inuidiae
1004 1254 1168 1307 pondus
1201 1268 1254 1294 ne
1287 1254 1402 1295 uide<

15 1310 166 1353 2326:
210 1311 253 1352 id
297 1311 533 1352 adfectasse
579 1311 691 1365 quod
737 1312 819 1352 soli
864 1312 947 1352 sibi
991 1313 1137 1353 deberi
1175 1312 1399 1366 Augustus

47 1370 325 1411 existimabat
352 1394 407 1399 -
434 1370 599 1411 cautior
632 1370 699 1411 sui
730 1370 922 1411 hostium
954 1371 1043 1412 tela
1073 1371 1399 1425 praeteruolans

46 1428 114 1470 his
146 1431 190 1470 et
222 1429 438 1470 similibus
469 1431 597 1470 notos
630 1428 794 1482 pariter
815 1432 858 1470 et
890 1429 1062 1484 ignotos
1085 1430 1137 1471 ad
1157 1429 1400 1472 faciendum

46 1487 218 1529 fortiter
233 1488 491 1529 accendebat
512 1488 580 1529 30.
601 1487 804 1542 ‘aduenit,
825 1502 849 1528 o
866 1488 983 1542 socii,
1004 1490 1165 1530 iustum
1177 1489 1399 1543 pugnandi

46 1546 132 1587 iam
174 1549 343 1601 tempus
389 1546 493 1587 olim
539 1549 790 1600 exoptatum
838 1546 947 1587 mihi
995 1548 1237 1601 uobiscum,
1288 1547 1400 1602 quod

4 1618 26 1645 τῦ
46 1605 228 1647 antehac
248 1608 525 1659 arcessentes,
552 1620 671 1647 arma
691 1605 895 1660 inquietis
915 1607 1104 1647 motibus
1124 1606 1400 1660 poscebatis’.

0 1680 1 1690 ¹
45 1664 113 1706 31.
138 1664 244 1706 item
265 1679 359 1705 cum
380 1664 433 1705 ad
445 1664 561 1711 ‚alios
594 1664 900 1719 postsignanos
933 1665 980 1706 in
1011 1665 1101 1706 acie
1134 1666 1299 1707 locatos
1333 1679 1400 1706 ex-

44 1725 183 1765 trema
214 1723 405 1765 uenisset
437 1722 523 1763 ‘en'
556 1723 697 1777 inquit
729 1722 1063 1778 ί0011111111101103,
1095 1724 1168 1765 diu
1201 1727 1398 1778 speratus

42 1784 215 1836 praesto
249 1785 315 1824 est
347 1782 436 1823 dies
470 1781 716 1836 conpellens
748 1796 827 1823 nos
861 1797 1008 1824 omnes
1039 1783 1168 1824 elutis
1201 1783 1397 1838 pristinis

43 1841 223 1882 maculis
261 1840 482 1882 Romanae
520 1841 741 1883 maiestati
779 1841 954 1882 reddere
994 1842 1221 1896 proprium
1259 1842 1398 1883 decus.

2 1913 25 1939 ιο
44 1899 91 1940 hi
128 1903 228 1941 sunt
265 1900 458 1953 barbari,
504 1914 608 1954 quos
647 1900 789 1941 rabies
828 1903 871 1941 et
909 1901 1147 1941 inmodicus
1186 1900 1306 1942 furor
1345 1901 1398 1941 ad

44 1959 279 2012 perniciem
309 1973 451 1999 rerum
484 1973 657 1999 suarum
690 1959 834 2012 coegit
866 1973 1086 2000 occurrere
1114 1959 1276 2000 nostris
1297 1959 1398 2000 uiri-

44 2017 124 2058 bus
144 2017 477 2072 opprimendos'.
510 2017 578 2058 322.
605 2017 714 2058 alios
735 2017 886 2058 itidem
906 2017 1097 2059 bellandi
1117 2032 1196 2059 usu
1228 2017 1395 2059 diutino

45 2075 253 2117 callentes
293 2076 435 2129 aptius
475 2075 677 2117 ordinans
716 2075 784 2116 his
819 2076 1194 2118 exhortationibus
1227 2076 1398 2118 adiuua-

137 2252 178 2283 13
203 2260 277 2293 quo
309 2250 378 2294 hya
402 2250 467 2294 qui
499 2249 564 2283 VP
659 2251 698 2282 16
732 2248 942 2300 discurrens
977 2249 1010 2284 G
1037 2249 1249 2284 discurrent
1284 2249 1398 2285 VPba

0 2343 1 2347 Ἰ
48 2295 89 2342 18
112 2294 377 2337 permitterent
393 2294 555 2345 crebitas
578 2293 611 2328 V
654 2297 697 2328 20
722 2293 793 2344 sibi
817 2293 886 2328 soh
909 2297 1089 2338 transpos.
1105 2294 1222 2345 qua·
1257 2298 1300 2329 23
1323 2294 1395 2346 for-

0 2336 432 2549 ιὲξὲεἴαῗῑὲαθὲῗωθ
489 2337 1009 2428 33³{2ffa5312553ss325122'51}
1038 2343 1125 2418 νιῖ9
1149 2339 1336 2374 mmm
1362 2339 1397 2374 a
