1573 2508
186 38 252 74 XX
748 39 1036 80 PRAEFATIO.

190 134 296 176 satis
316 134 518 176 adcurate
533 150 553 174 e
559 150 628 177 uni
651 136 910 190 expressisse
931 136 1125 191 adparet3
1146 150 1229 178 uno
1250 138 1421 180 tantum
1433 137 1529 180 loeo

183 189 334 246 (21”“ἱ,
392 196 499 234 10—
506 194 549 247 8,
593 192 634 249 1)
672 194 816 236 nescio
849 208 932 249 quo
964 209 1064 237 casu
1095 196 1257 237 factum
1295 197 1373 250 est,
1403 198 1452 238 ut
1483 196 1530 239 in

184 207 370 293 editioiie
410 264 610 306 magnam
656 252 919 295 offendamus
963 252 1160 296 lacunam
1205 268 1313 308 quae
1357 254 1530 309 expleta.

184 313 249 351 est
282 310 324 351 in
359 327 391 351 c.
424 310 730 365 manuscripto.

303 392 511 434 Sabinum
543 393 710 447 excepit
741 392 894 434 Petrus
916 391 1130 435 Castellus
1164 394 1237 448 qui
1269 408 1380 436 anno
1414 395 1524 438 1517

183 450 414 492 editionem
446 451 522 505 (b)
554 452 725 506 parauit
745 451 976 493 Bononiae.
1038 452 1087 493 In
1120 452 1388 506 praefatione
1424 453 1528 496 Am-

185 508 377 550 mianum
409 510 551 563 ipsum
583 510 634 551 de
666 525 710 551 se
743 510 990 564 loquentem
1022 511 1142 552 fecit:

395 638 475 680 Sed
510 654 574 680 me
608 653 733 693 quem
754 639 900 680 tunica
930 639 1048 680 uides
1080 640 1242 681 recenti

394 697 561 739 Mecum
596 701 638 739 et
671 697 901 739 Caesareos
934 698 1059 739 duces
1092 698 1145 739 ab
1178 698 1266 740 orci

394 756 545 797 'l'raxit
578 756 792 797 uestibulo
824 756 1084 798 tenebricosi

396 814 549 855 Petrus
583 814 776 856 Castalio
809 818 927 856 satus
960 815 1127 870 liquore

394 873 608 914 Castellus
641 874 760 926 latio,
791 873 940 915 fauore
971 873 1135 915 Phoebi

393 931 451 973 Et
472 932 604 973 Graio
638 932 809 986 eloquio
841 932 1118 986 undecunque
1150 932 1313 974 doctus.

180 990 328 1032 tunica
371 991 542 1045 quidem
580 1005 693 1032 noua
730 991 1008 1032 Ammianum
1045 990 1346 1034 Marcellinum
1386 1006 1524 1048 neque

181 1051 328 1090 tamen
360 1064 437 1091 sua
467 1049 643 1104 uelauit,
675 1049 795 1090 cuius
827 1049 961 1091 uerba
997 1050 1109 1091 mira
1141 1051 1323 1105 quadam
1355 1051 1526 1094 temeri-

178 1109 270 1149 tate
314 1107 595 1162 interpolauit
638 1108 771 1149 nullis
815 1123 917 1149 usus
967 1109 1161 1150 codicum
1205 1109 1409 1151 subsidiis
1453 1107 1526 1166 (cf.

180 1165 260 1207 Th.
301 1165 542 1208 Mommsen
581 1166 728 1208 Hei-‚m
766 1166 829 1207 VI
866 1182 906 1221 p.
938 1165 1054 1223 236).
1115 1166 1363 1210 Editionem
1393 1168 1524 1210 bono-

178 1225 372 1267 niensem
403 1225 655 1279 repetiuisse
687 1239 824 1279 neque
865 1225 949 1266 nisi
993 1226 1038 1266 in
1081 1226 1354 1279 paucissimis
1394 1227 1523 1270 rebus

177 1284 415 1325 mutauisse
454 1283 683 1325 Erasmum
721 1282 940 1339 (Basileae
979 1283 1196 1340 a.1518)
1233 1285 1360 1327 facile
1400 1285 1522 1328 uides

179 1355 230 1383 ex
250 1342 303 1383 iis
325 1356 432 1396 quae
454 1343 612 1384 adtulit
632 1342 744 1384 idem
764 1340 929 1397 (Herm.
950 1342 1011 1384 VI
1031 1357 1071 1397 p.
1092 1342 1326 1400 23⁴5—41).
1363 1343 1524 1400 Magno

180 1414 308 1454 opere
346 1401 575 1442 dolendum
615 1405 680 1443 est
717 1401 895 1442 Petrum
935 1400 1174 1443 Castellum
1218 1405 1341 1444 tanto
1384 1403 1524 1446 maius

178 1459 410 1501 Ammiano
453 1460 651 1502 intulisse
696 1460 1019 1514 detrimentum,
1069 1460 1222 1502 deletis
1273 1461 1525 1504 lacunarum

179 1519 605 1573 corruptelarnmque
644 1519 863 1573 uestigiis,
895 1521 1057 1573 quanto
1089 1520 1401 1573 posterioribus
1433 1535 1525 1575 per-

179 1577 316 1618 suasit
349 1578 668 1619 emendationes
702 1577 801 1618 illas
835 1580 879 1619 et
899 1578 1200 1632 supplementa
1232 1578 1357 1621 libris
1378 1579 1522 1621 deberi

178 1636 501 1690 manuscriptis,
536 1639 583 1677 ut
597 1639 639 1678 et
659 1636 864 1677 Gelenius
897 1640 940 1678 et
960 1637 1192 1679 Accursius
1225 1637 1402 1691 optimis
1435 1638 1523 1680 suis

179 1693 396 1735 codicibus
429 1695 553 1736 unico
586 1695 866 1737 fundamento
892 1695 957 1737 uti
977 1709 1064 1737 non
1083 1696 1301 1750 auderent,
1333 1696 1522 1751 explosis

182 1752 361 1794 Castelli
395 1754 660 1795 commentis.

297 1834 423 1877 Anno
463 1836 577 1877 enim
621 1836 730 1877 1533
770 1851 809 1889 p.
842 1834 940 1877 Chr.
973 1835 1079 1878 duae
1113 1835 1321 1878 editiones
1359 1836 1524 1891 publici

179 1893 283 1935 iuris
318 1895 455 1936 factae
489 1898 601 1948 sunt,
634 1909 816 1948 quarum
849 1895 966 1948 prior
985 1894 1068 1948 (A)
1099 1898 1209 1937 erat:
1239 1895 1522 1949 „Ammianus

177 1951 456 1994 Marcellinus
502 1968 527 1994 a
569 1952 838 2008 Mariangelo
877 1953 1084 1995 Accursio
1129 1954 1294 1996 mendis
1335 1954 1523 2009 quinque

178 2010 372 2051 millibus
412 2015 642 2066 purgatus,
681 2015 723 2053 et
762 2012 885 2053 libris
930 2013 1116 2067 quinque
1155 2015 1305 2054 auctus
1345 2013 1524 2067 ultimis,

178 2084 289 2110 nunc
324 2070 509 2122 primum
551 2071 603 2111 ab
638 2071 784 2112 codem
818 2071 1015 2112 inuentis.
1076 2070 1300 2126 Augustae
1333 2071 1524 2113 Vindeli-

179 2142 324 2168 corum
342 2128 381 2168 in
399 2128 572 2169 aedibus
583 2127 910 2171 Siluaniotmar
931 2129 1524 2172 menseMaioMDXXXIII“.

179 2184 333 2226 Secuta
374 2190 435 2226 cst
475 2187 641 2227 ‹zeh—nii
682 2187 813 2229 editio
851 2187 932 2242 (G)
969 2189 1041 2243 qui
1074 2188 1124 2229 de
1160 2188 1302 2230 codice
1334 2187 1524 2230 Hersfel-

178 2243 296 2284 densi
349 2260 473 2298 quein
525 2246 721 2286 omnibns
773 2247 993 2288 meliorem
1043 2247 1338 2290 existimamus
1387 2260 1523 2302 pauca

179 2302 401 2355 praa-misit
455 2319 491 2356 p.
543 2304 645 2344 54⁴5:
706 2303 822 2358 „Nos
873 2305 987 2347 nacti
1036 2307 1255 2348 uetustum
1304 2305 1522 2361 exemplar
