1573 2508
111 100 190 142 152
633 95 755 131 XVIII
781 100 813 138 3,
838 100 939 138 4-4,
964 101 986 131 4

106 193 315 247 auideque
354 193 553 245 suscepta
584 189 827 231 chartulam
865 190 1063 244 prodidit.
1124 191 1164 232 4.
1193 188 1357 243 hocque
1394 188 1457 230 in-

105 252 219 294 dicio
250 252 326 292 ille
359 250 543 290 confisus
575 251 624 289 ut
654 251 748 289 erat
779 248 830 289 ad
863 249 1172 290 criminandum
1205 247 1455 302 aptissimus

106 310 293 365 principi
329 307 486 349 detulit
523 310 653 361 atque
692 321 742 347 ex
781 321 860 347 usu
891 321 969 348 nec
1007 321 1127 349 mora
1157 306 1246 348 ulla
1279 305 1456 360 negotio

106 369 273 410 tributa
304 381 381 408 nec
413 366 556 420 quiete
588 365 795 406 Barbatio
828 365 1061 419 epistulam
1092 364 1328 419 suscepisse
1360 377 1457 406 con-

107 428 245 468 fessus
289 429 333 467 et
370 425 525 466 mulier
565 424 787 478 scripsisse
831 423 1085 465 documento
1129 423 1327 465 conuicta
1368 435 1493 464 nons

108 486 195 527 leui
233 484 470 526 ceruicibus
509 483 709 524 interiere
748 483 965 535 praecisis.
1028 483 1066 524 5.
1103 482 1255 536 hisque
1294 481 1458 535 punitis

109 544 382 599 quaestiones
415 542 542 595 longe
576 541 806 594 serpebant
838 542 1066 595 uexatique
1098 540 1226 582 multi
1257 542 1458 580 nocentes

109 605 211 644 sunt
248 605 292 643 et
327 602 588 643 innocentes.
651 600 763 640 inter
795 613 902 653 quos
941 600 1075 641 etiam
1105 599 1366 640 Valentinus
1406 611 1459 638 ex

108 661 353 715 primicerio
385 662 678 713 protectorum
711 657 909 700 tribunus
941 661 990 699 ut
1010 659 1203 699 conscius
1223 657 1337 698 inter
1363 670 1459 698 con-

107 720 252 774 plures
273 719 382 760 alios
414 721 555 759 tortus
587 716 848 770 aliquotiens
880 717 1133 771 superuixit,
1164 716 1335 770 penitus
1356 714 1457 769 quid
1478 729 1513 754 ιο

109 782 202 819 erat
234 781 406 832 gestum
444 776 661 829 ignorans.
728 774 908 829 ideoque
947 775 1000 816 ad
1042 775 1224 816 iniuriae
1262 773 1459 828 periculi-

110 851 191 891 que
212 835 589 889 conpensationem
609 834 728 874 ducis
750 834 793 874 in
812 833 988 888 Illyrico
1009 833 1168 874 meruit
1186 834 1459 887 potestatem.

229 896 267 935 6.
305 894 415 935 Erat
454 896 598 934 autem
636 892 747 933 idem
788 892 992 934 Barbatio
1031 891 1299 946 subagrestis
1341 890 1460 932 adro-

112 954 340 1008 gantisque
372 952 594 1006 propositi,
627 966 677 991 ea
708 965 753 991 re
785 951 933 992 multis
967 965 1119 992 exosus
1141 949 1253 1004 quod
1273 952 1327 1002 et,
1359 949 1461 990 dum

111 1012 368 1053 domesticos
424 1013 686 1063 protectores
737 1009 815 1050 sub
867 1009 994 1050 Gallo
1044 1011 1214 1063 regeret
1263 1007 1459 1060 Caesare,
1479 1019 1513 1046 1⁵

110 1070 306 1124 proditor
337 1073 431 1110 erat
462 1072 505 1109 et
536 1068 722 1122 perfidus
756 1070 798 1108 et
829 1071 929 1121 post
968 1068 1058 1108 eius
1091 1081 1311 1108 excessum
1341 1065 1461 1107 nobi-

111 1129 232 1170 lioris
265 1128 448 1169 militiae
480 1128 593 1168 fastu
627 1126 765 1167 elatus
798 1126 843 1166 in
872 1126 1090 1167 Iulianum
1127 1125 1278 1167 itidem
1309 1123 1461 1166 Caesa-

111 1202 203 1229 rem
241 1187 364 1241 paria
401 1184 675 1239 confingebat
714 1185 948 1238 crebroque
983 1184 1298 1226 detestantibus
1336 1182 1461 1224 bonis

112 1246 191 1287 sub
213 1245 402 1299 Augusti
433 1244 594 1298 patulis
628 1244 803 1284 auribus
837 1244 975 1284 multa
1007 1243 1227 1297 garriebat
1258 1244 1302 1283 et
1322 1255 1462 1295 saeua,

113 1306 151 1346 7.
183 1305 386 1358 ignorans
412 1303 604 1356 profecto
643 1305 767 1343 uetus
800 1302 1051 1343 Aristotelis
1085 1302 1254 1355 sapiens
1287 1300 1516 1353 dictum,so

113 1363 187 1417 qui
220 1362 532 1404 Callisthenem
565 1364 821 1402 sectatorem
856 1364 898 1402 et
933 1361 1219 1415 propinquum
1252 1373 1375 1400 suum
1410 1358 1463 1399 ad

112 1435 259 1475 regem
298 1421 591 1462 Alexandrum
643 1420 820 1460 mittens
866 1420 904 1460 ei
943 1434 1069 1473 saepe
1119 1418 1364 1471 mandabat,
1413 1419 1462 1458 ut

113 1495 242 1534 quam
274 1479 494 1521 rarissime
527 1482 570 1520 et
601 1478 780 1519 iucunde
813 1478 924 1532 apud
964 1478 1183 1519 hominem
1214 1477 1462 1530 loqueretur

112 1539 229 1580 uitae
266 1541 528 1593 potestatem
561 1541 603 1578 et
640 1537 755 1578 necis
788 1537 832 1578 in
864 1537 954 1578 acie
992 1537 1166 1590 linguae
1204 1537 1462 1589 portantem.

114 1598 151 1638 8.
198 1612 250 1638 ne
290 1597 347 1638 sit
386 1597 466 1637 hoc
505 1596 680 1648 mirum,
724 1595 920 1636 homines
958 1595 1185 1648 profutura
1222 1594 1520 1635 discernerem

113 1670 198 1697 non
236 1670 471 1709 numquam
511 1658 554 1695 et
591 1655 790 1694 nocentia
834 1668 1016 1707 quorum
1054 1656 1218 1694 mentes
1257 1654 1462 1706 cognatas

114 1714 372 1755 caelestibus
411 1713 690 1765 arbitramur,
730 1712 936 1753 animalia
974 1712 1139 1753 ratione
1177 1711 1369 1753 carentia
1400 1724 1463 1750 sa-

112 1772 248 1813 lutem
288 1787 408 1813 suam
448 1772 664 1812 interdum
705 1771 794 1811 alto
839 1771 951 1812 tueri
996 1770 1169 1811 silentio
1215 1769 1371 1821 solent,
1414 1770 1463 1809 ut

113 1831 355 1884 exemplum
407 1834 471 1871 est
522 1830 600 1870 hoc
651 1843 855 1883 perquam
906 1832 1069 1870 notum.
1131 1829 1169 1869 9.
1220 1828 1462 1881 linquentes

114 1890 323 1931 orientem
356 1903 526 1930 anseres
559 1889 613 1929 ob
647 1888 833 1929 calorem
871 1888 1132 1941 plagamque
1171 1889 1365 1940 petentes
1397 1898 1463 1926 oc·
1485 1898 1520 1924 ω

113 1948 281 1989 ciduam
309 1963 404 1988 cum
426 1949 616 1988 montem
649 1950 872 2000 penetrare
893 1946 1110 1999 coeperint
1130 1945 1322 1986 Taurum
1343 1943 1462 1998 aqui-

113 2006 167 2047 lis
201 2007 506 2058 abundantem,
538 2006 740 2046 timentes
773 2005 1034 2046 fortissimas
1066 2004 1282 2056 uolucres,
1319 2005 1464 2044 rostra

117 2065 280 2118 lapillis
325 2065 566 2117 occludunt,
611 2079 662 2105 ne
707 2063 767 2104 eis
812 2063 958 2104 eliciat
994 2063 1064 2103 uel
1113 2062 1346 2103 necessitas
1396 2075 1464 2101 ex·

113 2125 253 2164 trema
290 2123 555 2176 clangorem,
600 2123 819 2175 isdemque
863 2121 1046 2162 collibus
1091 2121 1271 2175 agiliore
1316 2119 1463 2161 uolatu

206 2241 220 2270 1
249 2237 429 2270 cartulam
463 2236 528 2271 VP
577 2240 617 2270 15
643 2235 799 2270 Caesare
827 2235 897 2270 ΘΑ
923 2245 1048 2270 caesar
1072 2234 1158 2269 VPb
1206 2238 1246 2269 17
1272 2233 1368 2268 fastu
1395 2231 1461 2266 VA

114 2282 213 2316 statu
252 2281 333 2325 J’by
424 2286 466 2314 2«)
504 2283 614 2315 uetus
658 2281 720 2314 VA
758 2282 886 2314 notum
925 2280 969 2324 by
1071 2283 1113 2313 23
1149 2279 1390 2323 loquerentur
1432 2277 1466 2310 V

115 2330 158 2360 2ss
199 2326 372 2360 decentia
411 2326 477 2370 byn
569 2331 612 2358 3⁰
648 2335 797 2358 anseres
844 2325 955 2369 11qu
1000 2335 1112 2368 grues
1151 2324 1186 2357 A
1237 2322 1392 2367 obquam
1432 2321 1467 2355 V

116 2376 160 2405 33
177 2381 223 2405 ne
241 2391 280 2396 —
300 2375 343 2405 34
369 2371 581 2414 clangorem
607 2370 694 2404 add.
726 2370 778 2404 Vm
