1573 2508
149 109 231 153 138
662 104 767 141 xvn
792 110 845 148 13,
874 109 983 141 1—10

146 204 253 246 belli
273 202 520 252 Quadorum
539 201 744 255 reliquias
776 200 889 242 eirca
918 200 1018 242 illos
1039 200 1298 255 agitantium
1329 202 1493 242 tractus
1530 213 1533 219 ¹

148 263 350 305 lacrimae
401 260 468 301 uel
520 259 695 313 sanguis
746 260 1028 313 extingueret.
1102 273 1284 314 quorum
1333 258 1495 313 regalis
1530 253 1541 297 .’

147 321 405 363 Vitrodorus
446 317 626 359 Viduari
664 317 778 358 filius
816 317 931 372 regis
969 321 1012 359 et
1048 317 1356 373 Agilimundus
1398 317 1495 360 sub·
1535 357 1540 362 .

147 379 323 432 regulus
368 377 527 442 aliique
571 377 815 430 optimates
847 380 891 417 et
939 376 1098 418 iudices
1142 377 1274 418 uariis
1324 375 1496 431 populis
1539 383 1554 419 ⁴2.

148 437 440 492 praesidentes
485 435 578 477 uiso
623 435 812 476 exercitu
856 435 901 476 in
950 435 1113 489 gremio
1157 435 1279 489 regni
1329 434 1532 490 soliques

151 495 354 550 genitalis
387 494 466 536 sub
501 493 720 547 gressibus
758 494 925 535 iacuere
958 493 1145 535 militum
1178 496 1221 534 et
1253 493 1397 547 adepti
1427 507 1497 536 ue-

148 555 267 596 niam
303 554 421 595 iussa
459 553 667 606 fecerunt,
706 553 983 606 sobolemque
1022 567 1143 594 suam
1176 551 1398 593 obsidatus
1435 551 1497 605 pi-

149 627 283 667 gnore
314 615 363 653 ut
394 612 640 653 obsecuturi
667 611 987 652 condicionibus
1008 611 1208 665 inpositis
1229 609 1499 652 tradiderunt

149 672 399 725 eductisque
443 669 738 722 mucronibus,
782 683 880 722 quos
924 684 1000 723 pro
1043 668 1292 710 numinibus
1338 669 1497 723 colunt,

150 731 345 772 iurauere
380 744 424 769 se
456 742 758 781 permansuros
791 728 836 768 in
867 728 958 768 fide.
1516 738 1557 781 1⁶2„

274 787 347 829 13.
384 790 418 828 1.
446 786 544 840 His,
565 790 614 827 ut
633 789 855 827 narratum
878 790 960 840 est,
982 786 1165 828 secundo
1186 786 1321 827 finitis
1342 789 1499 828 euentu
1555 795 1557 797 ’

149 847 204 888 ad
236 846 502 901 Limigantes
536 844 756 886 Sarmatas
789 859 935 886 seruos
969 845 1086 886 ocius
1119 845 1244 899 signa
1273 844 1500 886 transferri

149 905 319 947 utilitas
352 904 527 958 publica
557 904 804 957 flagitabat,
843 918 948 957 quos
988 906 1080 945 erat
1118 903 1347 944 admodum
1378 902 1498 944 nefas

150 965 308 1017 inpune
341 963 479 1004 multa
510 965 553 1004 et
584 962 749 1003 nefaria
780 966 1060 1015 perpetrasse.
1100 977 1200 1004 nam
1231 961 1352 1002 uelut
1372 961 1500 1003 obliti

150 1023 343 1076 priorum
374 1025 477 1062 tunc
510 1021 832 1075 erumpentibus
865 1020 1031 1062 Liberis
1069 1021 1151 1075 ipsi
1190 1034 1358 1075 quoque
1395 1024 1552 1061 tem-15

151 1097 230 1135 pus
264 1080 539 1134 aptissimum
570 1080 717 1120 nancti
756 1079 941 1120 limitem
980 1094 1209 1133 perrupere
1242 1079 1499 1132 Romanum,

151 1140 204 1180 ad
236 1139 346 1180 hanc
379 1139 516 1179 solam
550 1138 744 1179 fraudem
776 1137 959 1178 dominis
981 1138 1069 1178 suis
1102 1138 1384 1191 hostibusque
1404 1152 1500 1179 con-

152 1198 311 1239 cordes.
374 1198 412 1237 2.
463 1197 747 1237 deliberatum
787 1199 853 1237 est
891 1199 1036 1237 tamen
1073 1196 1116 1236 id
1155 1210 1323 1250 quoque
1361 1195 1500 1237 lenius

150 1256 363 1297 uindicari
396 1270 526 1309 quam
559 1255 787 1296 criminum
820 1255 1072 1308 magnitudo
1105 1255 1327 1308 poscebat,
1359 1253 1501 1296 hacte-

150 1330 231 1356 nus
264 1314 427 1355 ultione
454 1316 662 1367 porrecta,
695 1316 742 1354 ut
774 1313 827 1354 ad
866 1313 1102 1367 longinqua
1138 1312 1340 1354 translati
1379 1312 1501 1354 amit-
1520 1327 1555 1353 ω

152 1376 294 1414 terent
313 1373 481 1426 copiam
512 1374 662 1413 nostra
694 1372 888 1424 uexandi,
921 1386 1026 1425 quos
1059 1372 1250 1425 pericula
1269 1371 1501 1413 formidare

153 1432 359 1472 monebat
411 1431 620 1472 scelerum
665 1430 928 1471 conscientia
971 1430 1132 1471 diutius
1178 1430 1501 1471 conmissorum.

152 1491 191 1531 3.
230 1490 407 1544 ideoque
446 1490 491 1530 in
528 1504 572 1529 se
610 1503 779 1543 pugnae
818 1489 975 1530 molem
1014 1489 1220 1542 suspicati
1252 1488 1501 1529 uertendam

151 1549 273 1590 dolos
311 1549 522 1602 parabant
561 1551 604 1589 et
641 1548 804 1588 ferrum
842 1551 885 1588 et
923 1562 1080 1600 preces.
1143 1562 1291 1588 nerum
1325 1550 1501 1600 aspectu

152 1608 292 1660 primo
314 1607 524 1647 exercitus
558 1610 778 1660 tamquam
799 1606 992 1646 fulminis
1014 1607 1101 1646 ictu
1122 1605 1309 1659 perculsi
1330 1605 1499 1646 ultima-
1518 1618 1553 1645 2⁶

154 1681 235 1719 que
275 1666 534 1719 cogitantes,
574 1665 710 1705 uitam
748 1665 930 1717 precati,
970 1665 1182 1705 tributum
1215 1679 1403 1705 amiuum
1435 1663 1502 1704 de-

153 1724 398 1777 lectumque
436 1723 604 1764 ualidae
644 1723 881 1764 iuuentutis
921 1727 963 1763 et
1001 1723 1227 1764 seruitium
1267 1721 1502 1776 spoponde-

153 1785 271 1834 runt,
311 1783 496 1822 abnuere
536 1781 677 1835 parati
711 1782 746 1822 si
786 1782 1035 1822 iuberentur
1074 1781 1282 1822 aliorsum
1314 1780 1502 1834 migrare
1563 1832 1565 1835 .

153 1844 202 1881 ut
247 1841 441 1893 gestibus
487 1840 736 1881 indicabant
774 1844 817 1881 et
860 1840 1071 1893 uultibus,
1116 1840 1308 1880 locorum
1353 1838 1501 1880 confisi

153 1899 380 1953 praesidio,
412 1899 485 1940 ubi
519 1899 630 1939 lares
664 1902 761 1951 post
794 1902 966 1939 exactos
987 1898 1182 1939 dominos
1204 1898 1331 1938 fixere
1353 1896 1502 1938 securi.
1520 1905 1565 1940 80'

153 1959 193 1997 4.
226 1957 303 1998 lias
337 1957 450 1998 enim
483 1960 620 1998 terras
654 1956 904 1998 Parthiscus
938 1957 1110 1997 inruens
1137 1956 1372 2010 obliquatis
1393 1969 1503 1997 mea·
1564 1988 1565 1993 ,

155 2017 271 2056 tibus
304 2016 456 2057 Histro
490 2016 704 2057 miscetur.
762 2015 834 2056 sed
867 2015 967 2056 dum
1007 2015 1124 2056 solus
1163 2015 1362 2055 licentius
1395 2013 1502 2068 fluit,
1571 2017 1573 2074 l

155 2075 297 2127 spatia
328 2075 460 2127 longa
491 2078 533 2115 et
566 2075 656 2115 lata
688 2074 847 2114 sensim
879 2074 1201 2127 praeterlabens
1234 2076 1277 2114 et
1308 2088 1358 2113 ea
1388 2087 1503 2114 coar-

154 2136 250 2172 tans
292 2147 420 2186 prope
460 2133 621 2173 exitum
662 2133 705 2173 111
743 2132 985 2187 angustias,
1031 2131 1199 2173 accolas
1239 2132 1292 2172 ab
1339 2131 1501 2185 impetu

248 2296 267 2326 9
293 2304 304 2324 c
321 2303 384 2326 uos
409 2294 474 2337 bqa
501 2303 566 2326 om.
597 2293 664 2326 VP
749 2299 785 2326 12
811 2304 924 2336 ocyus
956 2293 1022 2337 bqa
1046 2293 1165 2326 socius
1195 2291 1261 2326 VP
1330 2294 1372 2324 ‘26
1397 2301 1501 2335 prae—

158 2337 259 2371 canti
323 2338 358 2371 P
428 2337 680 2381 dilectumque
712 2337 744 2371 V
835 2305 878 2373 ·8
900 2337 1040 2382 paritis
1070 2337 1102 2370 V
1177 2340 1218 2370 ⁵29
1244 2335 1407 2370 uoltibus
1436 2335 1504 2369 VP
1571 2378 1573 2382 Α

158 2387 202 2416 30
223 2385 304 2425 post
329 2384 478 2416 exactos
505 2383 611 2416 inser.
638 2382 724 2416 inde
743 2383 808 2427 bJa
866 2388 908 2417 33
927 2382 1121 2416 cohortans
1143 2381 1210 2416 VP
1226 2382 1418 2415 coarctans
1435 2380 1504 2424 bqa
1564 2410 1573 2431 ,Α
