<?xml version="1.0" encoding="UTF-8"?>
<!DOCTYPE html PUBLIC "-//W3C//DTD XHTML 1.0 Transitional//EN"
    "http://www.w3.org/TR/xhtml1/DTD/xhtml1-transitional.dtd">
<html xmlns="http://www.w3.org/1999/xhtml" xml:lang="en" lang="en">
 <head>
  <title>
</title>
<meta http-equiv="Content-Type" content="text/html;charset=utf-8" />
  <meta name='ocr-system' content='tesseract 3.04.00' />
  <meta name='ocr-capabilities' content='ocr_page ocr_carea ocr_par ocr_line ocrx_word'/>
</head>
<body>
  <div class='ocr_page' id='page_1' title='image "./rerumgestarumlib01ammiuoft_0369.png"; bbox 0 0 1614 2549; ppageno 0'>
   <div class='ocr_carea' id='block_1_1' title="bbox 576 83 1407 126">
    <p class='ocr_par' dir='ltr' id='par_1_1' title="bbox 576 83 1407 126">
     <span class='ocr_line' id='line_1_1' title="bbox 576 83 1407 126; baseline -0.002 -8"><span class='ocrx_word' id='word_1_1' title='bbox 576 83 808 118; x_wconf 83' lang='lat' dir='ltr'>IVLIANVS</span> <span class='ocrx_word' id='word_1_2' title='bbox 833 86 898 118; x_wconf 76' lang='lat'>362</span> <span class='ocrx_word' id='word_1_3' title='bbox 1323 83 1407 126; x_wconf 77' lang='lat'>285</span> 
     </span>
    </p>
   </div>
   <div class='ocr_carea' id='block_1_2' title="bbox 0 177 1449 2049">
    <p class='ocr_par' dir='ltr' id='par_1_2' title="bbox 0 177 1449 2049">
     <span class='ocr_line' id='line_1_2' title="bbox 66 177 1422 232; baseline -0.003 -11"><span class='ocrx_word' id='word_1_4' title='bbox 66 179 180 221; x_wconf 84' lang='lat' dir='ltr'>enim</span> <span class='ocrx_word' id='word_1_5' title='bbox 212 178 304 220; x_wconf 87' lang='lat' dir='ltr'>illic</span> <span class='ocrx_word' id='word_1_6' title='bbox 339 177 552 232; x_wconf 90' lang='lat' dir='ltr'>diligebat</span> <span class='ocrx_word' id='word_1_7' title='bbox 573 191 667 218; x_wconf 88' lang='lat' dir='ltr'>eam</span> <span class='ocrx_word' id='word_1_8' title='bbox 692 180 741 218; x_wconf 91' lang='lat' dir='ltr'>ut</span> <span class='ocrx_word' id='word_1_9' title='bbox 774 177 1009 232; x_wconf 84' lang='lat' dir='ltr'>genitalem</span> <span class='ocrx_word' id='word_1_10' title='bbox 1041 177 1229 230; x_wconf 89' lang='lat' dir='ltr'>patriam</span> <span class='ocrx_word' id='word_1_11' title='bbox 1250 179 1294 217; x_wconf 90' lang='lat' dir='ltr'>et</span> <span class='ocrx_word' id='word_1_12' title='bbox 1314 177 1422 218; x_wconf 90' lang='lat' dir='ltr'>cole-</span> 
     </span>
     <span class='ocr_line' id='line_1_3' title="bbox 71 233 1422 291; baseline -0.001 -13"><span class='ocrx_word' id='word_1_13' title='bbox 71 237 159 280; x_wconf 89' lang='lat' dir='ltr'>bat.</span> <span class='ocrx_word' id='word_1_14' title='bbox 221 237 259 278; x_wconf 81' lang='lat'>3.</span> <span class='ocrx_word' id='word_1_15' title='bbox 290 239 590 291; x_wconf 85' lang='lat' dir='ltr'>transgressus</span> <span class='ocrx_word' id='word_1_16' title='bbox 610 236 757 290; x_wconf 87' lang='lat' dir='ltr'>itaque</span> <span class='ocrx_word' id='word_1_17' title='bbox 789 236 949 278; x_wconf 83' lang='lat' dir='ltr'>fretum</span> <span class='ocrx_word' id='word_1_18' title='bbox 979 238 1277 290; x_wconf 77' lang='lat' dir='ltr'>praetercursa</span> <span class='ocrx_word' id='word_1_19' title='bbox 1298 233 1422 277; x_wconf 86' lang='lat' dir='ltr'>Chal-</span> 
     </span>
     <span class='ocr_line' id='line_1_4' title="bbox 72 293 1424 350; baseline -0.002 -12"><span class='ocrx_word' id='word_1_20' title='bbox 72 296 234 338; x_wconf 87' lang='lat' dir='ltr'>cedona</span> <span class='ocrx_word' id='word_1_21' title='bbox 266 298 308 337; x_wconf 91' lang='lat' dir='ltr'>et</span> <span class='ocrx_word' id='word_1_22' title='bbox 338 295 535 350; x_wconf 76' lang='lat' dir='ltr'><strong>Libyssa,</strong></span> <span class='ocrx_word' id='word_1_23' title='bbox 566 295 642 336; x_wconf 86' lang='lat' dir='ltr'>ubi</span> <span class='ocrx_word' id='word_1_24' title='bbox 675 295 869 349; x_wconf 88' lang='lat' dir='ltr'>sepultus</span> <span class='ocrx_word' id='word_1_25' title='bbox 893 297 959 336; x_wconf 89' lang='lat' dir='ltr'>est</span> <span class='ocrx_word' id='word_1_26' title='bbox 990 293 1210 335; x_wconf 80' lang='lat' dir='ltr'>Hannibal</span> <span class='ocrx_word' id='word_1_27' title='bbox 1241 293 1424 346; x_wconf 82' lang='lat' dir='ltr'>Poenus,</span> 
     </span>
     <span class='ocr_line' id='line_1_5' title="bbox 73 353 1423 408; baseline -0.001 -12"><span class='ocrx_word' id='word_1_28' title='bbox 73 354 376 396; x_wconf 77' lang='lat' dir='ltr'>Nicomediam</span> <span class='ocrx_word' id='word_1_29' title='bbox 408 354 528 395; x_wconf 86' lang='lat' dir='ltr'>uenit</span> <span class='ocrx_word' id='word_1_30' title='bbox 546 353 698 394; x_wconf 85' lang='lat' dir='ltr'>urbem</span> <span class='ocrx_word' id='word_1_31' title='bbox 719 353 901 394; x_wconf 88' lang='lat' dir='ltr'>antehac</span> <span class='ocrx_word' id='word_1_32' title='bbox 921 353 1141 407; x_wconf 83' lang='lat' dir='ltr'>inclytam,</span> <span class='ocrx_word' id='word_1_33' title='bbox 1173 353 1235 394; x_wconf 87' lang='lat' dir='ltr'>ita</span> <span class='ocrx_word' id='word_1_34' title='bbox 1255 354 1423 408; x_wconf 88' lang='lat' dir='ltr'>magnis</span> 
     </span>
     <span class='ocr_line' id='line_1_6' title="bbox 36 411 1425 467; baseline -0.001 -13"><span class='ocrx_word' id='word_1_35' title='bbox 36 424 56 450; x_wconf 86' lang='lat'>5</span> <span class='ocrx_word' id='word_1_36' title='bbox 74 415 191 454; x_wconf 84' lang='lat' dir='ltr'>retro</span> <span class='ocrx_word' id='word_1_37' title='bbox 223 413 469 467; x_wconf 77' lang='lat' dir='ltr'>principum</span> <span class='ocrx_word' id='word_1_38' title='bbox 490 411 801 466; x_wconf 85' lang='lat' dir='ltr'>amplificatam</span> <span class='ocrx_word' id='word_1_39' title='bbox 831 412 1034 465; x_wconf 81' lang='lat' dir='ltr'>inpensis,</span> <span class='ocrx_word' id='word_1_40' title='bbox 1054 414 1101 452; x_wconf 91' lang='lat' dir='ltr'>ut</span> <span class='ocrx_word' id='word_1_41' title='bbox 1129 411 1298 452; x_wconf 85' lang='lat' dir='ltr'>aedium</span> <span class='ocrx_word' id='word_1_42' title='bbox 1319 412 1425 453; x_wconf 89' lang='lat' dir='ltr'>mul-</span> 
     </span>
     <span class='ocr_line' id='line_1_7' title="bbox 72 471 1425 525; baseline -0.001 -12"><span class='ocrx_word' id='word_1_43' title='bbox 72 471 260 514; x_wconf 89' lang='lat' dir='ltr'>titudine</span> <span class='ocrx_word' id='word_1_44' title='bbox 297 472 570 525; x_wconf 88' lang='lat' dir='ltr'>priuatarum</span> <span class='ocrx_word' id='word_1_45' title='bbox 608 473 650 511; x_wconf 90' lang='lat' dir='ltr'>et</span> <span class='ocrx_word' id='word_1_46' title='bbox 686 471 960 524; x_wconf 91' lang='lat' dir='ltr'>publicarum</span> <span class='ocrx_word' id='word_1_47' title='bbox 996 473 1111 510; x_wconf 89' lang='lat' dir='ltr'>recte</span> <span class='ocrx_word' id='word_1_48' title='bbox 1149 471 1425 512; x_wconf 87' lang='lat' dir='ltr'>noscentibus</span> 
     </span>
     <span class='ocr_line' id='line_1_8' title="bbox 70 529 1426 585; baseline -0.002 -13"><span class='ocrx_word' id='word_1_49' title='bbox 70 531 191 585; x_wconf 87' lang='lat' dir='ltr'>regio</span> <span class='ocrx_word' id='word_1_50' title='bbox 225 530 433 585; x_wconf 87' lang='lat' dir='ltr'>quaedam</span> <span class='ocrx_word' id='word_1_51' title='bbox 474 529 594 570; x_wconf 89' lang='lat' dir='ltr'>urbis</span> <span class='ocrx_word' id='word_1_52' title='bbox 628 530 930 570; x_wconf 74' lang='lat' dir='ltr'>aestimaretur</span> <span class='ocrx_word' id='word_1_53' title='bbox 962 531 1174 569; x_wconf 88' lang='lat' dir='ltr'>aeternae.</span> <span class='ocrx_word' id='word_1_54' title='bbox 1235 530 1274 570; x_wconf 85' lang='lat'>4.</span> <span class='ocrx_word' id='word_1_55' title='bbox 1307 529 1426 570; x_wconf 83' lang='lat' dir='ltr'>cuius</span> 
     </span>
     <span class='ocr_line' id='line_1_9' title="bbox 71 587 1427 641; baseline -0.001 -11"><span class='ocrx_word' id='word_1_56' title='bbox 71 590 242 631; x_wconf 89' lang='lat' dir='ltr'>moenia</span> <span class='ocrx_word' id='word_1_57' title='bbox 274 603 371 630; x_wconf 87' lang='lat' dir='ltr'>cum</span> <span class='ocrx_word' id='word_1_58' title='bbox 403 588 585 629; x_wconf 83' lang='lat' dir='ltr'>uidisset</span> <span class='ocrx_word' id='word_1_59' title='bbox 617 588 662 628; x_wconf 90' lang='lat' dir='ltr'>in</span> <span class='ocrx_word' id='word_1_60' title='bbox 693 587 868 629; x_wconf 84' lang='lat' dir='ltr'>fauillas</span> <span class='ocrx_word' id='word_1_61' title='bbox 889 587 1159 628; x_wconf 83' lang='lat' dir='ltr'>miserabiles</span> <span class='ocrx_word' id='word_1_62' title='bbox 1182 588 1427 641; x_wconf 76' lang='lat' dir='ltr'>concidisse,</span> 
     </span>
     <span class='ocr_line' id='line_1_10' title="bbox 73 645 1429 702; baseline -0.002 -13"><span class='ocrx_word' id='word_1_63' title='bbox 73 661 279 702; x_wconf 83' lang='lat' dir='ltr'>angorem</span> <span class='ocrx_word' id='word_1_64' title='bbox 299 647 434 688; x_wconf 82' lang='lat' dir='ltr'>animi</span> <span class='ocrx_word' id='word_1_65' title='bbox 466 646 611 687; x_wconf 88' lang='lat' dir='ltr'>tacitis</span> <span class='ocrx_word' id='word_1_66' title='bbox 644 646 817 687; x_wconf 87' lang='lat' dir='ltr'>fletibus</span> <span class='ocrx_word' id='word_1_67' title='bbox 850 646 1043 687; x_wconf 88' lang='lat' dir='ltr'>indicans</span> <span class='ocrx_word' id='word_1_68' title='bbox 1074 645 1266 699; x_wconf 87' lang='lat' dir='ltr'>pigriore</span> <span class='ocrx_word' id='word_1_69' title='bbox 1293 646 1429 700; x_wconf 86' lang='lat' dir='ltr'>gradu</span> 
     </span>
     <span class='ocr_line' id='line_1_11' title="bbox 18 704 1430 760; baseline -0.002 -12"><span class='ocrx_word' id='word_1_70' title='bbox 18 717 53 743; x_wconf 90' lang='lat'>10</span> <span class='ocrx_word' id='word_1_71' title='bbox 73 707 283 760; x_wconf 75' lang='lat' dir='ltr'>pergebat</span> <span class='ocrx_word' id='word_1_72' title='bbox 315 706 368 747; x_wconf 89' lang='lat' dir='ltr'>ad</span> <span class='ocrx_word' id='word_1_73' title='bbox 400 705 578 759; x_wconf 74' lang='lat' dir='ltr'>regiam,</span> <span class='ocrx_word' id='word_1_74' title='bbox 611 705 691 746; x_wconf 90' lang='lat' dir='ltr'>hoc</span> <span class='ocrx_word' id='word_1_75' title='bbox 725 706 911 746; x_wconf 85' lang='lat' dir='ltr'>maxime</span> <span class='ocrx_word' id='word_1_76' title='bbox 945 704 1161 746; x_wconf 88' lang='lat' dir='ltr'>aerumnis</span> <span class='ocrx_word' id='word_1_77' title='bbox 1195 705 1285 745; x_wconf 87' lang='lat' dir='ltr'>eius</span> <span class='ocrx_word' id='word_1_78' title='bbox 1324 705 1430 745; x_wconf 86' lang='lat' dir='ltr'>inla-</span> 
     </span>
     <span class='ocr_line' id='line_1_12' title="bbox 73 763 1430 819; baseline -0.002 -13"><span class='ocrx_word' id='word_1_79' title='bbox 73 765 272 819; x_wconf 78' lang='lat' dir='ltr'>crimans,</span> <span class='ocrx_word' id='word_1_80' title='bbox 293 764 407 819; x_wconf 90' lang='lat' dir='ltr'>quod</span> <span class='ocrx_word' id='word_1_81' title='bbox 428 764 530 804; x_wconf 90' lang='lat' dir='ltr'>ordo</span> <span class='ocrx_word' id='word_1_82' title='bbox 548 764 748 817; x_wconf 84' lang='lat' dir='ltr'>squalens</span> <span class='ocrx_word' id='word_1_83' title='bbox 770 763 959 805; x_wconf 90' lang='lat' dir='ltr'>occurrit</span> <span class='ocrx_word' id='word_1_84' title='bbox 979 766 1016 804; x_wconf 76' lang='lat' dir='ltr'>et</span> <span class='ocrx_word' id='word_1_85' title='bbox 1040 763 1225 816; x_wconf 91' lang='lat' dir='ltr'>populus</span> <span class='ocrx_word' id='word_1_86' title='bbox 1245 763 1430 804; x_wconf 90' lang='lat' dir='ltr'>nimium</span> 
     </span>
     <span class='ocr_line' id='line_1_13' title="bbox 74 821 1432 878; baseline -0.002 -14"><span class='ocrx_word' id='word_1_87' title='bbox 74 826 285 878; x_wconf 83' lang='lat' dir='ltr'>quantum</span> <span class='ocrx_word' id='word_1_88' title='bbox 306 822 486 865; x_wconf 89' lang='lat' dir='ltr'>antehac</span> <span class='ocrx_word' id='word_1_89' title='bbox 507 822 859 875; x_wconf 70' lang='lat' dir='ltr'>florentissimus3</span> <span class='ocrx_word' id='word_1_90' title='bbox 882 825 923 863; x_wconf 90' lang='lat' dir='ltr'>et</span> <span class='ocrx_word' id='word_1_91' title='bbox 939 822 1204 876; x_wconf 87' lang='lat' dir='ltr'>agnoscebat</span> <span class='ocrx_word' id='word_1_92' title='bbox 1224 821 1432 875; x_wconf 86' lang='lat' dir='ltr'>quosdam</span> 
     </span>
     <span class='ocr_line' id='line_1_14' title="bbox 73 880 1432 934; baseline -0.003 -10"><span class='ocrx_word' id='word_1_93' title='bbox 73 882 235 924; x_wconf 86' lang='lat' dir='ltr'>ibidem</span> <span class='ocrx_word' id='word_1_94' title='bbox 281 882 333 923; x_wconf 91' lang='lat' dir='ltr'>ab</span> <span class='ocrx_word' id='word_1_95' title='bbox 366 880 556 922; x_wconf 87' lang='lat' dir='ltr'>Eusebio</span> <span class='ocrx_word' id='word_1_96' title='bbox 603 880 805 922; x_wconf 82' lang='lat' dir='ltr'>educatus</span> <span class='ocrx_word' id='word_1_97' title='bbox 847 881 1061 934; x_wconf 77' lang='lat' dir='ltr'>episcopo,</span> <span class='ocrx_word' id='word_1_98' title='bbox 1106 895 1234 934; x_wconf 88' lang='lat' dir='ltr'>quem</span> <span class='ocrx_word' id='word_1_99' title='bbox 1277 893 1432 933; x_wconf 85' lang='lat' dir='ltr'>genere</span> 
     </span>
     <span class='ocr_line' id='line_1_15' title="bbox 76 937 1434 995; baseline -0.003 -13"><span class='ocrx_word' id='word_1_100' title='bbox 76 941 250 995; x_wconf 89' lang='lat' dir='ltr'>longius</span> <span class='ocrx_word' id='word_1_101' title='bbox 296 939 592 993; x_wconf 85' lang='lat' dir='ltr'>contingebat.</span> <span class='ocrx_word' id='word_1_102' title='bbox 667 939 705 980; x_wconf 79' lang='lat'>5.</span> <span class='ocrx_word' id='word_1_103' title='bbox 748 939 818 980; x_wconf 89' lang='lat' dir='ltr'>hic</span> <span class='ocrx_word' id='word_1_104' title='bbox 864 952 1033 993; x_wconf 87' lang='lat' dir='ltr'>quoque</span> <span class='ocrx_word' id='word_1_105' title='bbox 1077 939 1176 992; x_wconf 89' lang='lat' dir='ltr'>pari</span> <span class='ocrx_word' id='word_1_106' title='bbox 1220 938 1347 979; x_wconf 90' lang='lat' dir='ltr'>modo</span> <span class='ocrx_word' id='word_1_107' title='bbox 1382 937 1434 979; x_wconf 89' lang='lat' dir='ltr'>ad</span> 
     </span>
     <span class='ocr_line' id='line_1_16' title="bbox 20 996 1433 1053; baseline -0.003 -12"><span class='ocrx_word' id='word_1_108' title='bbox 20 1009 55 1036; x_wconf 88' lang='lat'>15</span> <span class='ocrx_word' id='word_1_109' title='bbox 74 999 326 1053; x_wconf 83' lang='lat' dir='ltr'>reparanda,</span> <span class='ocrx_word' id='word_1_110' title='bbox 371 1012 479 1052; x_wconf 89' lang='lat' dir='ltr'>quae</span> <span class='ocrx_word' id='word_1_111' title='bbox 525 1001 669 1039; x_wconf 87' lang='lat' dir='ltr'>terrae</span> <span class='ocrx_word' id='word_1_112' title='bbox 715 998 987 1039; x_wconf 86' lang='lat' dir='ltr'>subuerterat</span> <span class='ocrx_word' id='word_1_113' title='bbox 1036 1000 1217 1050; x_wconf 77' lang='lat' dir='ltr'>tremor,</span> <span class='ocrx_word' id='word_1_114' title='bbox 1268 996 1433 1037; x_wconf 84' lang='lat' dir='ltr'>abunde</span> 
     </span>
     <span class='ocr_line' id='line_1_17' title="bbox 73 1055 1435 1112; baseline -0.004 -12"><span class='ocrx_word' id='word_1_115' title='bbox 73 1058 296 1112; x_wconf 86' lang='lat' dir='ltr'>praestitis</span> <span class='ocrx_word' id='word_1_116' title='bbox 328 1056 530 1111; x_wconf 87' lang='lat' dir='ltr'>plurimis</span> <span class='ocrx_word' id='word_1_117' title='bbox 563 1071 639 1109; x_wconf 89' lang='lat' dir='ltr'>per</span> <span class='ocrx_word' id='word_1_118' title='bbox 659 1056 866 1097; x_wconf 76' lang='lat' dir='ltr'>Nicaeam</span> <span class='ocrx_word' id='word_1_119' title='bbox 898 1056 1018 1097; x_wconf 89' lang='lat' dir='ltr'>uenit</span> <span class='ocrx_word' id='word_1_120' title='bbox 1040 1056 1093 1097; x_wconf 88' lang='lat' dir='ltr'>ad</span> <span class='ocrx_word' id='word_1_121' title='bbox 1107 1055 1435 1109; x_wconf 80' lang='lat' dir='ltr'>Gallograeciae</span> 
     </span>
     <span class='ocr_line' id='line_1_18' title="bbox 73 1113 1436 1170; baseline -0.004 -11"><span class='ocrx_word' id='word_1_122' title='bbox 73 1117 192 1170; x_wconf 86' lang='lat' dir='ltr'>fines,</span> <span class='ocrx_word' id='word_1_123' title='bbox 223 1115 334 1158; x_wconf 87' lang='lat' dir='ltr'>unde</span> <span class='ocrx_word' id='word_1_124' title='bbox 356 1115 605 1156; x_wconf 77' lang='lat' dir='ltr'>dextrorsus</span> <span class='ocrx_word' id='word_1_125' title='bbox 638 1115 793 1156; x_wconf 90' lang='lat' dir='ltr'>itinere</span> <span class='ocrx_word' id='word_1_126' title='bbox 815 1115 1030 1156; x_wconf 85' lang='lat' dir='ltr'>declinato</span> <span class='ocrx_word' id='word_1_127' title='bbox 1051 1113 1312 1156; x_wconf 83' lang='lat' dir='ltr'>Pessinunta</span> <span class='ocrx_word' id='word_1_128' title='bbox 1341 1128 1436 1154; x_wconf 89' lang='lat' dir='ltr'>con-</span> 
     </span>
     <span class='ocr_line' id='line_1_19' title="bbox 74 1173 1435 1229; baseline -0.003 -12"><span class='ocrx_word' id='word_1_129' title='bbox 74 1175 221 1229; x_wconf 78' lang='lat' dir='ltr'>uertit,</span> <span class='ocrx_word' id='word_1_130' title='bbox 254 1176 428 1216; x_wconf 85' lang='lat' dir='ltr'>uisurus</span> <span class='ocrx_word' id='word_1_131' title='bbox 461 1176 637 1214; x_wconf 88' lang='lat' dir='ltr'>uetusta</span> <span class='ocrx_word' id='word_1_132' title='bbox 667 1173 822 1214; x_wconf 87' lang='lat' dir='ltr'>Matris</span> <span class='ocrx_word' id='word_1_133' title='bbox 856 1186 1043 1227; x_wconf 89' lang='lat' dir='ltr'>magnae</span> <span class='ocrx_word' id='word_1_134' title='bbox 1078 1173 1268 1226; x_wconf 76' lang='lat' dir='ltr'>delubra,</span> <span class='ocrx_word' id='word_1_135' title='bbox 1302 1187 1325 1213; x_wconf 91' lang='lat' dir='ltr'>a</span> <span class='ocrx_word' id='word_1_136' title='bbox 1352 1186 1435 1226; x_wconf 89' lang='lat' dir='ltr'>quo</span> 
     </span>
     <span class='ocr_line' id='line_1_20' title="bbox 77 1230 1437 1288; baseline -0.003 -13"><span class='ocrx_word' id='word_1_137' title='bbox 77 1234 235 1288; x_wconf 88' lang='lat' dir='ltr'>oppido</span> <span class='ocrx_word' id='word_1_138' title='bbox 268 1233 386 1274; x_wconf 91' lang='lat' dir='ltr'>bello</span> <span class='ocrx_word' id='word_1_139' title='bbox 409 1232 570 1273; x_wconf 85' lang='lat' dir='ltr'>Punico</span> <span class='ocrx_word' id='word_1_140' title='bbox 594 1232 792 1285; x_wconf 80' lang='lat' dir='ltr'>secundo,</span> <span class='ocrx_word' id='word_1_141' title='bbox 813 1232 1001 1273; x_wconf 87' lang='lat' dir='ltr'>carmine</span> <span class='ocrx_word' id='word_1_142' title='bbox 1024 1230 1216 1273; x_wconf 81' lang='lat' dir='ltr'>Cumano</span> <span class='ocrx_word' id='word_1_143' title='bbox 1236 1233 1437 1272; x_wconf 87' lang='lat' dir='ltr'>monente</span> 
     </span>
     <span class='ocr_line' id='line_1_21' title="bbox 24 1289 1438 1347; baseline 0 -17"><span class='ocrx_word' id='word_1_144' title='bbox 24 1304 60 1330; x_wconf 84' lang='lat'>20</span> <span class='ocrx_word' id='word_1_145' title='bbox 80 1308 155 1347; x_wconf 91' lang='lat' dir='ltr'>per</span> <span class='ocrx_word' id='word_1_146' title='bbox 200 1291 448 1346; x_wconf 81' lang='lat' dir='ltr'>Scipionem</span> <span class='ocrx_word' id='word_1_147' title='bbox 492 1289 697 1332; x_wconf 79' lang='lat' dir='ltr'>Nasicam</span> <span class='ocrx_word' id='word_1_148' title='bbox 742 1291 1022 1331; x_wconf 86' lang='lat' dir='ltr'>simulacrum</span> <span class='ocrx_word' id='word_1_149' title='bbox 1066 1290 1329 1331; x_wconf 87' lang='lat' dir='ltr'>translatum</span> <span class='ocrx_word' id='word_1_150' title='bbox 1373 1293 1438 1330; x_wconf 87' lang='lat' dir='ltr'>est</span> 
     </span>
     <span class='ocr_line' id='line_1_22' title="bbox 76 1348 1439 1403; baseline -0.003 -11"><span class='ocrx_word' id='word_1_151' title='bbox 76 1351 276 1392; x_wconf 88' lang='lat' dir='ltr'>Romam.</span> <span class='ocrx_word' id='word_1_152' title='bbox 340 1350 378 1391; x_wconf 79' lang='lat'>6.</span> <span class='ocrx_word' id='word_1_153' title='bbox 425 1349 543 1390; x_wconf 90' lang='lat' dir='ltr'>cuius</span> <span class='ocrx_word' id='word_1_154' title='bbox 591 1363 717 1403; x_wconf 89' lang='lat' dir='ltr'>super</span> <span class='ocrx_word' id='word_1_155' title='bbox 763 1350 951 1390; x_wconf 89' lang='lat' dir='ltr'>aduentu</span> <span class='ocrx_word' id='word_1_156' title='bbox 996 1349 1042 1390; x_wconf 93' lang='lat' dir='ltr'>in</span> <span class='ocrx_word' id='word_1_157' title='bbox 1084 1348 1260 1390; x_wconf 89' lang='lat' dir='ltr'>Italiam</span> <span class='ocrx_word' id='word_1_158' title='bbox 1302 1362 1439 1401; x_wconf 88' lang='lat' dir='ltr'>pauca</span> 
     </span>
     <span class='ocr_line' id='line_1_23' title="bbox 79 1404 1440 1462; baseline -0.003 -11"><span class='ocrx_word' id='word_1_159' title='bbox 79 1425 176 1451; x_wconf 91' lang='lat' dir='ltr'>cum</span> <span class='ocrx_word' id='word_1_160' title='bbox 209 1409 307 1450; x_wconf 88' lang='lat' dir='ltr'>aliis</span> <span class='ocrx_word' id='word_1_161' title='bbox 338 1408 439 1449; x_wconf 86' lang='lat' dir='ltr'>huic</span> <span class='ocrx_word' id='word_1_162' title='bbox 473 1408 683 1449; x_wconf 87' lang='lat' dir='ltr'>materiae</span> <span class='ocrx_word' id='word_1_163' title='bbox 705 1407 1046 1462; x_wconf 83' lang='lat' dir='ltr'>congruentibus</span> <span class='ocrx_word' id='word_1_164' title='bbox 1068 1408 1113 1448; x_wconf 90' lang='lat' dir='ltr'>in</span> <span class='ocrx_word' id='word_1_165' title='bbox 1133 1407 1301 1449; x_wconf 89' lang='lat' dir='ltr'>actibus</span> <span class='ocrx_word' id='word_1_166' title='bbox 1316 1404 1440 1447; x_wconf 81' lang='lat' dir='ltr'>Com-</span> 
     </span>
     <span class='ocr_line' id='line_1_24' title="bbox 78 1466 1441 1522; baseline -0.004 -12"><span class='ocrx_word' id='word_1_167' title='bbox 78 1468 196 1510; x_wconf 90' lang='lat' dir='ltr'>modi</span> <span class='ocrx_word' id='word_1_168' title='bbox 226 1467 434 1522; x_wconf 88' lang='lat' dir='ltr'>principis</span> <span class='ocrx_word' id='word_1_169' title='bbox 468 1466 728 1520; x_wconf 86' lang='lat' dir='ltr'>digessimus</span> <span class='ocrx_word' id='word_1_170' title='bbox 761 1481 838 1521; x_wconf 90' lang='lat' dir='ltr'>per</span> <span class='ocrx_word' id='word_1_171' title='bbox 860 1480 1094 1508; x_wconf 80' lang='lat' dir='ltr'>excessum.</span> <span class='ocrx_word' id='word_1_172' title='bbox 1141 1480 1269 1520; x_wconf 87' lang='lat' dir='ltr'>quam</span> <span class='ocrx_word' id='word_1_173' title='bbox 1297 1468 1441 1506; x_wconf 86' lang='lat' dir='ltr'>autem</span> 
     </span>
     <span class='ocr_line' id='line_1_25' title="bbox 83 1524 1442 1579; baseline -0.004 -10"><span class='ocrx_word' id='word_1_174' title='bbox 83 1527 136 1569; x_wconf 92' lang='lat' dir='ltr'>ob</span> <span class='ocrx_word' id='word_1_175' title='bbox 169 1540 261 1568; x_wconf 87' lang='lat' dir='ltr'>rem</span> <span class='ocrx_word' id='word_1_176' title='bbox 292 1526 373 1567; x_wconf 89' lang='lat' dir='ltr'>hoc</span> <span class='ocrx_word' id='word_1_177' title='bbox 405 1526 578 1566; x_wconf 89' lang='lat' dir='ltr'>nomine</span> <span class='ocrx_word' id='word_1_178' title='bbox 613 1525 819 1579; x_wconf 90' lang='lat' dir='ltr'>oppidum</span> <span class='ocrx_word' id='word_1_179' title='bbox 853 1526 911 1567; x_wconf 87' lang='lat' dir='ltr'>sit</span> <span class='ocrx_word' id='word_1_180' title='bbox 951 1525 1231 1579; x_wconf 86' lang='lat' dir='ltr'>appellatum,</span> <span class='ocrx_word' id='word_1_181' title='bbox 1269 1524 1442 1564; x_wconf 89' lang='lat' dir='ltr'>uariant</span> 
     </span>
     <span class='ocr_line' id='line_1_26' title="bbox 24 1582 1443 1638; baseline -0.003 -11"><span class='ocrx_word' id='word_1_182' title='bbox 24 1597 59 1623; x_wconf 78' lang='lat'>25</span> <span class='ocrx_word' id='word_1_183' title='bbox 78 1600 223 1627; x_wconf 90' lang='lat' dir='ltr'>rerum</span> <span class='ocrx_word' id='word_1_184' title='bbox 255 1585 505 1638; x_wconf 86' lang='lat' dir='ltr'>scriptores:</span> <span class='ocrx_word' id='word_1_185' title='bbox 570 1584 744 1638; x_wconf 89' lang='lat' dir='ltr'>quidam</span> <span class='ocrx_word' id='word_1_186' title='bbox 778 1584 892 1625; x_wconf 88' lang='lat' dir='ltr'>enim</span> <span class='ocrx_word' id='word_1_187' title='bbox 926 1583 1135 1638; x_wconf 90' lang='lat' dir='ltr'>figmento</span> <span class='ocrx_word' id='word_1_188' title='bbox 1175 1583 1278 1624; x_wconf 90' lang='lat' dir='ltr'>deae</span> <span class='ocrx_word' id='word_1_189' title='bbox 1319 1582 1443 1623; x_wconf 88' lang='lat' dir='ltr'>caeli-</span> 
     </span>
     <span class='ocr_line' id='line_1_27' title="bbox 78 1638 1444 1698; baseline -0.003 -12"><span class='ocrx_word' id='word_1_190' title='bbox 78 1647 150 1686; x_wconf 89' lang='lat' dir='ltr'>tus</span> <span class='ocrx_word' id='word_1_191' title='bbox 182 1644 306 1698; x_wconf 87' lang='lat' dir='ltr'>lapso</span> <span class='ocrx_word' id='word_1_192' title='bbox 339 1638 423 1683; x_wconf 82' lang='grc' dir='ltr'>ἀπὸ</span> <span class='ocrx_word' id='word_1_193' title='bbox 462 1643 542 1684; x_wconf 87' lang='grc' dir='ltr'>τοῦ</span> <span class='ocrx_word' id='word_1_194' title='bbox 580 1649 746 1693; x_wconf 78' lang='grc' dir='ltr'><em>πεσεῖν,</em></span> <span class='ocrx_word' id='word_1_195' title='bbox 787 1643 901 1696; x_wconf 88' lang='lat' dir='ltr'>quod</span> <span class='ocrx_word' id='word_1_196' title='bbox 941 1642 1091 1683; x_wconf 87' lang='lat' dir='ltr'>cadere</span> <span class='ocrx_word' id='word_1_197' title='bbox 1129 1656 1208 1683; x_wconf 91' lang='lat' dir='ltr'>nos</span> <span class='ocrx_word' id='word_1_198' title='bbox 1248 1641 1444 1694; x_wconf 79' lang='lat' dir='ltr'>dicimus,</span> 
     </span>
     <span class='ocr_line' id='line_1_28' title="bbox 79 1699 1444 1755; baseline -0.004 -10"><span class='ocrx_word' id='word_1_199' title='bbox 79 1703 232 1745; x_wconf 88' lang='lat' dir='ltr'>urbem</span> <span class='ocrx_word' id='word_1_200' title='bbox 265 1702 489 1743; x_wconf 87' lang='lat' dir='ltr'>adseruere</span> <span class='ocrx_word' id='word_1_201' title='bbox 524 1702 890 1755; x_wconf 84' lang='lat' dir='ltr'>cognominatam.</span> <span class='ocrx_word' id='word_1_202' title='bbox 942 1701 1016 1741; x_wconf 87' lang='lat' dir='ltr'>alii</span> <span class='ocrx_word' id='word_1_203' title='bbox 1049 1702 1291 1741; x_wconf 88' lang='lat' dir='ltr'>memorant</span> <span class='ocrx_word' id='word_1_204' title='bbox 1318 1699 1444 1752; x_wconf 87' lang='lat' dir='ltr'>Ilum,</span> 
     </span>
     <span class='ocr_line' id='line_1_29' title="bbox 83 1759 1446 1814; baseline -0.003 -12"><span class='ocrx_word' id='word_1_205' title='bbox 83 1761 211 1803; x_wconf 85' lang='lat' dir='ltr'>Trois</span> <span class='ocrx_word' id='word_1_206' title='bbox 243 1760 385 1801; x_wconf 89' lang='lat' dir='ltr'>filium</span> <span class='ocrx_word' id='word_1_207' title='bbox 416 1759 662 1801; x_wconf 86' lang='lat' dir='ltr'>Dardaniae</span> <span class='ocrx_word' id='word_1_208' title='bbox 700 1774 868 1814; x_wconf 79' lang='lat' dir='ltr'>regem,</span> <span class='ocrx_word' id='word_1_209' title='bbox 905 1759 1051 1801; x_wconf 90' lang='lat' dir='ltr'>locum</span> <span class='ocrx_word' id='word_1_210' title='bbox 1091 1759 1150 1800; x_wconf 90' lang='lat' dir='ltr'>sic</span> <span class='ocrx_word' id='word_1_211' title='bbox 1193 1759 1446 1812; x_wconf 89' lang='lat' dir='ltr'>appellasse.</span> 
     </span>
     <span class='ocr_line' id='line_1_30' title="bbox 84 1817 1446 1874; baseline -0.003 -13"><span class='ocrx_word' id='word_1_212' title='bbox 84 1819 392 1874; x_wconf 86' lang='lat' dir='ltr'>Theopompus</span> <span class='ocrx_word' id='word_1_213' title='bbox 426 1832 514 1860; x_wconf 91' lang='lat' dir='ltr'>non</span> <span class='ocrx_word' id='word_1_214' title='bbox 546 1817 661 1859; x_wconf 88' lang='lat' dir='ltr'>Ilum</span> <span class='ocrx_word' id='word_1_215' title='bbox 694 1818 737 1858; x_wconf 86' lang='lat' dir='ltr'>id</span> <span class='ocrx_word' id='word_1_216' title='bbox 771 1818 925 1872; x_wconf 78' lang='lat' dir='ltr'>egisse,</span> <span class='ocrx_word' id='word_1_217' title='bbox 959 1818 1032 1858; x_wconf 89' lang='lat' dir='ltr'>sed</span> <span class='ocrx_word' id='word_1_218' title='bbox 1050 1817 1214 1858; x_wconf 82' lang='lat' dir='ltr'>Midam</span> <span class='ocrx_word' id='word_1_219' title='bbox 1247 1817 1446 1857; x_wconf 85' lang='lat' dir='ltr'>adfirmat</span> 
     </span>
     <span class='ocr_line' id='line_1_31' title="bbox 31 1877 1136 1934; baseline 0 -18"><span class='ocrx_word' id='word_1_220' title='bbox 31 1890 66 1916; x_wconf 83' lang='lat'>30</span> <span class='ocrx_word' id='word_1_221' title='bbox 85 1878 302 1934; x_wconf 76' lang='lat' dir='ltr'>Phrygiae</span> <span class='ocrx_word' id='word_1_222' title='bbox 336 1877 553 1931; x_wconf 89' lang='lat' dir='ltr'>quondam</span> <span class='ocrx_word' id='word_1_223' title='bbox 585 1877 941 1931; x_wconf 89' lang='lat' dir='ltr'>potentissimum</span> <span class='ocrx_word' id='word_1_224' title='bbox 975 1889 1136 1930; x_wconf 88' lang='lat' dir='ltr'>regem.</span> 
     </span>
     <span class='ocr_line' id='line_1_32' title="bbox 204 1933 1449 1990; baseline -0.003 -13"><span class='ocrx_word' id='word_1_225' title='bbox 204 1937 242 1978; x_wconf 87' lang='grc'>8.</span> <span class='ocrx_word' id='word_1_226' title='bbox 280 1936 500 1977; x_wconf 90' lang='lat' dir='ltr'>Venerato</span> <span class='ocrx_word' id='word_1_227' title='bbox 546 1936 682 1990; x_wconf 90' lang='lat' dir='ltr'>igitur</span> <span class='ocrx_word' id='word_1_228' title='bbox 719 1935 895 1976; x_wconf 90' lang='lat' dir='ltr'>numine</span> <span class='ocrx_word' id='word_1_229' title='bbox 942 1934 1185 1988; x_wconf 85' lang='lat' dir='ltr'>hostiisque</span> <span class='ocrx_word' id='word_1_230' title='bbox 1233 1933 1361 1974; x_wconf 89' lang='lat' dir='ltr'>litato</span> <span class='ocrx_word' id='word_1_231' title='bbox 1407 1936 1449 1973; x_wconf 90' lang='lat' dir='ltr'>et</span> 
     </span>
     <span class='ocr_line' id='line_1_33' title="bbox 0 1991 1447 2049; baseline -0.005 -11"><span class='ocrx_word' id='word_1_232' title='bbox 0 2017 18 2047; x_wconf 63' lang='grc' dir='ltr'>ῑ,</span> <span class='ocrx_word' id='word_1_233' title='bbox 77 1996 203 2038; x_wconf 67' lang='lat' dir='ltr'>notis</span> <span class='ocrx_word' id='word_1_234' title='bbox 235 1995 458 2049; x_wconf 83' lang='lat' dir='ltr'>Ancyram</span> <span class='ocrx_word' id='word_1_235' title='bbox 500 1995 631 2035; x_wconf 87' lang='lat' dir='ltr'>redit:</span> <span class='ocrx_word' id='word_1_236' title='bbox 678 2008 857 2048; x_wconf 89' lang='lat' dir='ltr'>eumque</span> <span class='ocrx_word' id='word_1_237' title='bbox 903 1993 1054 2034; x_wconf 75' lang='lat' dir='ltr'>exinde</span> <span class='ocrx_word' id='word_1_238' title='bbox 1098 1991 1447 2046; x_wconf 87' lang='lat' dir='ltr'>progredientem</span> 
     </span>
    </p>
   </div>
   <div class='ocr_carea' id='block_1_3' title="bbox 94 2093 1457 2409">
    <p class='ocr_par' dir='ltr' id='par_1_3' title="bbox 94 2093 1457 2409">
     <span class='ocr_line' id='line_1_34' title="bbox 182 2093 1452 2142; baseline -0.004 -10"><span class='ocrx_word' id='word_1_239' title='bbox 182 2103 203 2132; x_wconf 80' lang='lat'>4</span> <span class='ocrx_word' id='word_1_240' title='bbox 220 2097 364 2142; x_wconf 86' lang='lat' dir='ltr'>magnis</span> <span class='ocrx_word' id='word_1_241' title='bbox 392 2098 496 2132; x_wconf 86' lang='lat' dir='ltr'>retro</span> <span class='ocrx_word' id='word_1_242' title='bbox 523 2098 589 2141; x_wconf 71' lang='lat' dir='ltr'>hya</span> <span class='ocrx_word' id='word_1_243' title='bbox 611 2097 730 2142; x_wconf 86' lang='lat' dir='ltr'>magis</span> <span class='ocrx_word' id='word_1_244' title='bbox 754 2098 862 2141; x_wconf 85' lang='lat' dir='ltr'>petro</span> <span class='ocrx_word' id='word_1_245' title='bbox 886 2096 953 2131; x_wconf 86' lang='lat' dir='ltr'>VP</span> <span class='ocrx_word' id='word_1_246' title='bbox 1000 2095 1114 2129; x_wconf 78' lang='lat' dir='ltr'>4inde</span> <span class='ocrx_word' id='word_1_247' title='bbox 1132 2093 1392 2129; x_wconf 76' lang='lat' dir='ltr'>Nicomediam</span> <span class='ocrx_word' id='word_1_248' title='bbox 1409 2094 1452 2137; x_wconf 72' lang='lat' dir='ltr'>by</span> 
     </span>
     <span class='ocr_line' id='line_1_35' title="bbox 94 2138 1452 2186; baseline -0.004 -8"><span class='ocrx_word' id='word_1_249' title='bbox 94 2147 114 2178; x_wconf 86' lang='grc'>8</span> <span class='ocrx_word' id='word_1_250' title='bbox 134 2142 340 2177; x_wconf 79' lang='lat' dir='ltr'>concidisse</span> <span class='ocrx_word' id='word_1_251' title='bbox 354 2143 490 2186; x_wconf 76' lang='lat' dir='ltr'>scripsi</span> <span class='ocrx_word' id='word_1_252' title='bbox 509 2141 716 2176; x_wconf 76' lang='lat' dir='ltr'>consedisse</span> <span class='ocrx_word' id='word_1_253' title='bbox 732 2141 835 2176; x_wconf 81' lang='lat' dir='ltr'>codd.</span> <span class='ocrx_word' id='word_1_254' title='bbox 876 2145 914 2175; x_wconf 90' lang='lat'>11</span> <span class='ocrx_word' id='word_1_255' title='bbox 931 2141 968 2175; x_wconf 87' lang='lat' dir='ltr'>et</span> <span class='ocrx_word' id='word_1_256' title='bbox 981 2140 1068 2174; x_wconf 81' lang='lat' dir='ltr'>add.</span> <span class='ocrx_word' id='word_1_257' title='bbox 1090 2139 1255 2174; x_wconf 79' lang='lat' dir='ltr'>Valesius</span> <span class='ocrx_word' id='word_1_258' title='bbox 1267 2149 1334 2174; x_wconf 84' lang='lat' dir='ltr'>om.</span> <span class='ocrx_word' id='word_1_259' title='bbox 1349 2138 1452 2173; x_wconf 79' lang='lat' dir='ltr'>codd.</span> 
     </span>
     <span class='ocr_line' id='line_1_36' title="bbox 94 2183 1454 2230; baseline -0.004 -8"><span class='ocrx_word' id='word_1_260' title='bbox 94 2191 136 2223; x_wconf 87' lang='lat'>13</span> <span class='ocrx_word' id='word_1_261' title='bbox 162 2186 342 2222; x_wconf 85' lang='lat' dir='ltr'>educatus</span> <span class='ocrx_word' id='word_1_262' title='bbox 369 2187 403 2222; x_wconf 77' lang='lat' dir='ltr'><em>G</em></span> <span class='ocrx_word' id='word_1_263' title='bbox 435 2187 591 2221; x_wconf 85' lang='lat' dir='ltr'>ducatus</span> <span class='ocrx_word' id='word_1_264' title='bbox 620 2186 690 2221; x_wconf 90' lang='lat' dir='ltr'>VP</span> <span class='ocrx_word' id='word_1_265' title='bbox 759 2187 828 2220; x_wconf 69' lang='lat'>*16</span> <span class='ocrx_word' id='word_1_266' title='bbox 853 2185 1103 2230; x_wconf 85' lang='lat' dir='ltr'>gallogreciae</span> <span class='ocrx_word' id='word_1_267' title='bbox 1130 2184 1224 2218; x_wconf 78' lang='lat' dir='ltr'>V²P</span> <span class='ocrx_word' id='word_1_268' title='bbox 1247 2183 1347 2229; x_wconf 87' lang='lat' dir='ltr'>gallo</span> <span class='ocrx_word' id='word_1_269' title='bbox 1376 2193 1454 2217; x_wconf 88' lang='lat' dir='ltr'>rae·</span> 
     </span>
     <span class='ocr_line' id='line_1_37' title="bbox 101 2227 1453 2275; baseline -0.003 -10"><span class='ocrx_word' id='word_1_270' title='bbox 101 2232 207 2266; x_wconf 84' lang='lat' dir='ltr'>citias</span> <span class='ocrx_word' id='word_1_271' title='bbox 233 2231 276 2265; x_wconf 87' lang='lat' dir='ltr'>V¹</span> <span class='ocrx_word' id='word_1_272' title='bbox 327 2235 368 2265; x_wconf 82' lang='lat'>19</span> <span class='ocrx_word' id='word_1_273' title='bbox 396 2230 567 2266; x_wconf 86' lang='lat' dir='ltr'>Cumano</span> <span class='ocrx_word' id='word_1_274' title='bbox 592 2231 657 2275; x_wconf 71' lang='lat' dir='ltr'>bya</span> <span class='ocrx_word' id='word_1_275' title='bbox 683 2231 881 2265; x_wconf 85' lang='lat' dir='ltr'>cumtaeno</span> <span class='ocrx_word' id='word_1_276' title='bbox 902 2230 969 2265; x_wconf 83' lang='lat' dir='ltr'>VP</span> <span class='ocrx_word' id='word_1_277' title='bbox 1015 2234 1058 2264; x_wconf 77' lang='lat'>20</span> <span class='ocrx_word' id='word_1_278' title='bbox 1082 2229 1285 2274; x_wconf 83' lang='lat' dir='ltr'>scipionem</span> <span class='ocrx_word' id='word_1_279' title='bbox 1303 2227 1349 2262; x_wconf 81' lang='lat' dir='ltr'>V²</span> <span class='ocrx_word' id='word_1_280' title='bbox 1389 2228 1453 2272; x_wconf 73' lang='lat' dir='ltr'>bya</span> 
     </span>
     <span class='ocr_line' id='line_1_38' title="bbox 97 2269 1455 2320; baseline -0.003 -10"><span class='ocrx_word' id='word_1_281' title='bbox 97 2276 296 2320; x_wconf 84' lang='lat' dir='ltr'>spitionem</span> <span class='ocrx_word' id='word_1_282' title='bbox 319 2275 362 2310; x_wconf 84' lang='lat' dir='ltr'>V¹</span> <span class='ocrx_word' id='word_1_283' title='bbox 465 2280 509 2311; x_wconf 74' lang='lat'>24</span> <span class='ocrx_word' id='word_1_284' title='bbox 531 2276 577 2311; x_wconf 89' lang='lat' dir='ltr'>ob</span> <span class='ocrx_word' id='word_1_285' title='bbox 595 2287 672 2310; x_wconf 85' lang='lat' dir='ltr'>rem</span> <span class='ocrx_word' id='word_1_286' title='bbox 692 2276 818 2310; x_wconf 83' lang='lat' dir='ltr'>autem</span> <span class='ocrx_word' id='word_1_287' title='bbox 835 2278 1015 2319; x_wconf 68' lang='lat' dir='ltr'>transpos.</span> <span class='ocrx_word' id='word_1_288' title='bbox 1042 2275 1131 2319; x_wconf 75' lang='lat' dir='ltr'>rbya</span> <span class='ocrx_word' id='word_1_289' title='bbox 1228 2277 1270 2308; x_wconf 80' lang='lat'>‘26</span> <span class='ocrx_word' id='word_1_290' title='bbox 1287 2269 1362 2308; x_wconf 79' lang='grc' dir='ltr'>ἀπὸ</span> <span class='ocrx_word' id='word_1_291' title='bbox 1388 2271 1455 2306; x_wconf 83' lang='grc' dir='ltr'>τοῦ</span> 
     </span>
     <span class='ocr_line' id='line_1_39' title="bbox 100 2316 1455 2365; baseline -0.003 -11"><span class='ocrx_word' id='word_1_292' title='bbox 100 2321 243 2356; x_wconf 77' lang='lat' dir='ltr'><strong><em>VGAP</em></strong></span> <span class='ocrx_word' id='word_1_293' title='bbox 257 2330 324 2356; x_wconf 83' lang='lat' dir='ltr'>om.</span> <span class='ocrx_word' id='word_1_294' title='bbox 343 2321 362 2355; x_wconf 89' lang='lat' dir='ltr'>b</span> <span class='ocrx_word' id='word_1_295' title='bbox 380 2333 428 2356; x_wconf 88' lang='grc' dir='ltr'>πε</span> <span class='ocrx_word' id='word_1_296' title='bbox 440 2326 522 2356; x_wconf 78' lang='grc' dir='ltr'><em>σεῖν</em></span> <span class='ocrx_word' id='word_1_297' title='bbox 538 2321 603 2365; x_wconf 65' lang='lat' dir='ltr'>byn</span> <span class='ocrx_word' id='word_1_298' title='bbox 617 2321 721 2356; x_wconf 77' lang='grc' dir='ltr'>ΠΕΕΙ</span> <span class='ocrx_word' id='word_1_299' title='bbox 741 2321 784 2355; x_wconf 91' lang='grc' dir='ltr'>ΙΝ</span> <span class='ocrx_word' id='word_1_300' title='bbox 804 2319 982 2355; x_wconf 69' lang='grc' dir='ltr'>ῩΠΕΕΙΝ</span> <span class='ocrx_word' id='word_1_301' title='bbox 998 2320 1034 2354; x_wconf 89' lang='grc' dir='ltr'><em>Ρ</em></span> <span class='ocrx_word' id='word_1_302' title='bbox 1046 2329 1175 2364; x_wconf 71' lang='lat' dir='ltr'>yraeca</span> <span class='ocrx_word' id='word_1_303' title='bbox 1186 2328 1253 2355; x_wconf 83' lang='lat' dir='ltr'>om.</span> <span class='ocrx_word' id='word_1_304' title='bbox 1266 2317 1302 2352; x_wconf 87' lang='lat' dir='ltr'><em>R</em></span> <span class='ocrx_word' id='word_1_305' title='bbox 1348 2316 1455 2351; x_wconf 73' lang='lat'>2810-</span> 
     </span>
     <span class='ocr_line' id='line_1_40' title="bbox 104 2360 1457 2409; baseline -0.003 -10"><span class='ocrx_word' id='word_1_306' title='bbox 104 2364 302 2400; x_wconf 82' lang='lat' dir='ltr'>eumGuel</span> <span class='ocrx_word' id='word_1_307' title='bbox 317 2365 441 2401; x_wconf 85' lang='lat' dir='ltr'>locum</span> <span class='ocrx_word' id='word_1_308' title='bbox 455 2365 569 2400; x_wconf 84' lang='lat' dir='ltr'>VPba</span> <span class='ocrx_word' id='word_1_309' title='bbox 594 2369 635 2400; x_wconf 80' lang='lat'>32</span> <span class='ocrx_word' id='word_1_310' title='bbox 653 2375 828 2409; x_wconf 80' lang='lat' dir='ltr'>ancyram</span> <span class='ocrx_word' id='word_1_311' title='bbox 841 2363 1354 2408; x_wconf 76' lang='lat' dir='ltr'>V&#39;GantyramPanticiram</span> <span class='ocrx_word' id='word_1_312' title='bbox 1364 2360 1457 2396; x_wconf 72' lang='lat' dir='ltr'>V²ba</span> 
     </span>
    </p>
   </div>
  </div>
 </body>
</html>
