1573 2508
104 44 188 87 244
610 39 694 76 XXI
720 44 752 83 9,
777 43 900 83 4-10,
927 42 947 74 4

104 152 181 192 per
232 136 406 191 Illyrios
457 150 604 177 omnes
655 134 865 176 celebrior
914 133 1187 187 fundebatur,
1235 131 1452 175 Iulianum

105 198 242 238 strata
274 210 351 250 per
383 194 549 236 Gallias
581 193 856 235 multitudine
886 206 1038 247 regum
1070 195 1112 234 et
1143 192 1348 247 gentium,
1379 206 1453 233 nu-

104 268 272 296 meroso
306 253 494 295 exercitu
527 255 569 294 et
602 252 868 294 successibus
899 251 1111 292 tumidum
1141 251 1273 293 uariis
1300 250 1453 292 aduen-

106 316 213 355 tare.
281 312 319 353 4.
360 327 442 366 quo
481 326 651 353 rumore
691 310 911 365 perculsus
950 310 1192 364 praefectus
1235 309 1453 364 praetorio

107 371 273 413 Taurus
312 374 360 412 ut
397 371 566 412 hostem
604 371 745 411 uitans
786 372 1007 410 externum
1046 372 1212 410 mature
1244 368 1488 422 discessit,5

106 432 340 484 uectusque
387 430 625 471 mutatione
670 429 798 470 celeri
843 442 989 469 cursus
1033 427 1213 481 publici,
1257 426 1453 468 transitis

106 488 291 542 Alpibus
337 487 458 530 Iuliis
502 488 647 529 eodem
697 488 785 528 ictu
828 486 1095 527 Florentium
1138 486 1287 527 itidem
1335 499 1456 540 prae-

107 548 265 588 fectum
299 562 440 589 secum
461 547 650 589 abduxit.
713 545 938 588 5.1euibus
965 547 1110 586 tamen
1141 544 1307 586 indiciis
1329 558 1456 598 super

109 606 266 647 Iuliani
298 609 416 647 motu
448 606 712 647 Lucillianus
744 604 935 658 percitus
957 618 1111 658 comes,
1143 604 1217 658 qui
1248 617 1324 657 per
1355 602 1455 644 illas

107 665 306 719 regiones
339 680 428 706 rem
449 665 626 706 curabat
647 679 696 705 ea
728 665 984 717 tempestate
1006 666 1278 716 castrensem,
1308 675 1456 716 agens·
1477 682 1509 706 10

111 738 190 777 que
233 723 344 777 apud
377 722 581 765 Sirmium
622 722 783 764 milites
817 734 1099 776 congregans,
1141 736 1246 776 quos
1288 735 1339 762 ex
1376 723 1457 762 sta-

110 782 287 823 tionibus
327 782 515 836 propriis
561 782 689 824 acciri
735 780 970 822 celeritatis
1014 781 1126 822 ratio
1168 778 1460 834 permittebat,

110 843 291 882 uenturo
325 842 527 882 resistere
560 840 793 895 cogitabat.
856 840 894 880 6.
915 839 988 880 sed
1019 839 1095 880 ille
1115 842 1163 880 ut
1194 839 1265 880 fax
1297 837 1366 879 uel
1399 837 1460 878 in-

111 914 261 941 census
282 900 512 941 malleolus
532 899 764 941 uolucriter
786 898 837 940 ad
858 898 1075 940 destinata
1107 897 1332 950 festinans,
1364 910 1460 938 cum

112 958 302 1000 uenisset
322 958 571 1000 Bononeam
605 974 627 1000 a
649 957 807 999 Sirmio
840 957 1028 998 miliario
1061 971 1172 998 nono
1193 956 1460 1010 disparatam
1481 973 1513 999 15

113 1020 155 1058 et
187 1017 363 1071 decimo,
402 1019 649 1059 senescente
681 1016 785 1057 luna
822 1015 1000 1069 ideoque
1033 1016 1289 1056 obscurante
1320 1013 1459 1055 noctis

114 1076 348 1117 maximam
379 1078 547 1130 partem
569 1090 589 1116 e
620 1076 723 1116 naui
755 1074 907 1116 exiluit
938 1074 1196 1128 inprouisus,
1228 1073 1461 1127 statimque

114 1134 397 1189 Dagalaifum
417 1135 536 1175 misit
569 1149 665 1176 cum
689 1133 896 1187 expeditis
930 1133 982 1173 ad
1001 1132 1291 1174 Lucillianum
1310 1146 1463 1173 uocan-

118 1193 218 1235 dum
249 1193 589 1248 trahendumque
623 1193 659 1234 si
691 1192 965 1234 reniteretur.
1028 1192 1065 1232 7.
1098 1192 1171 1246 qui
1208 1194 1300 1232 tum
1332 1190 1463 1231 etiam

118 1253 340 1307 quiescens
380 1268 476 1294 cum
517 1252 701 1306 strepitu
740 1251 950 1292 excitatus
995 1250 1246 1291 turbulento
1285 1249 1464 1290 uidisset
1484 1268 1517 1293 20

116 1312 365 1365 ignotorum
402 1311 625 1353 hominum
665 1326 708 1351 se
748 1309 906 1351 circulo
952 1309 1324 1363 circumsaeptum,
1369 1322 1464 1349 con-

117 1372 240 1424 cepto
271 1370 447 1425 negotio
469 1373 511 1411 et
542 1369 808 1424 imperatorii
827 1368 1014 1409 nominis
1035 1371 1150 1409 metu
1170 1366 1466 1422 praestrictus,

117 1429 358 1483 praeceptis
379 1429 523 1483 paruit
555 1428 853 1479 inuitissimus,
874 1429 1126 1481 secutusque
1147 1426 1334 1467 alienum
1355 1424 1466 1466 arbi-

116 1488 247 1529 trium
279 1488 488 1542 magistcr
521 1487 713 1542 equitum
744 1486 873 1542 paulo
895 1488 994 1527 ante
1027 1485 1232 1539 superbus
1262 1487 1305 1525 et
1334 1483 1466 1537 feroit,

118 1546 394 1601 iumentoque
433 1547 645 1600 inpositus
683 1545 921 1599 repentino,
964 1544 1148 1598 principi
1187 1546 1231 1584 ut
1271 1544 1467 1597 captiuus
1488 1561 1521 1587 25

121 1606 297 1646 offertur
329 1605 550 1659 ignobilis,
582 1618 832 1659 oppressam
853 1606 1013 1644 terrore
1034 1603 1104 1644 uix
1126 1602 1335 1656 colligens
1356 1615 1469 1642 men-

119 1665 220 1705 tem.
289 1664 326 1705 8.
365 1679 512 1705 uerum
552 1678 646 1704 cum
684 1662 883 1717 primitus
926 1662 1043 1702 uisus
1089 1660 1330 1702 adorandae
1374 1675 1470 1714 pur-

119 1737 252 1778 purae
286 1722 432 1764 datam
465 1722 547 1763 sibi
569 1722 737 1776 copiam
759 1720 1028 1774 aduertisset,
1059 1722 1276 1761 recreatus
1296 1718 1470 1760 tandem

122 1781 270 1836 suique
313 1796 485 1823 securus
527 1780 719 1822 ‘incaute’
762 1779 901 1834 inquit
942 1779 1192 1833 ‘imperator
1231 1780 1273 1819 et
1311 1780 1470 1819 temere

122 1855 218 1882 cum
248 1841 395 1894 paucis
429 1840 582 1882 alienis
615 1839 812 1893 partibus
851 1841 893 1879 te
927 1837 1189 1879 conmisisti.‘'
1253 1837 1319 1878 cui
1358 1851 1524 1880 ama-30

122 1914 217 1940 rum
255 1898 448 1940 Iulianus
489 1898 711 1940 subridens
749 1897 866 1938 ‘haec
905 1897 1037 1938 uerba
1075 1896 1299 1950 prudentia
1335 1894 1470 1936 serua'

214 2017 234 2047 4
260 2024 333 2057 quo
360 2024 508 2048 rumore
537 2014 607 2047 (r'A
632 2024 788 2057 quorum
815 2022 853 2046 re
883 2011 972 2045 VPb
1018 2016 1038 2046 5
1063 2013 1207 2045 mature
1235 2010 1267 2044 G
1293 2011 1375 2044 ture
1406 2008 1474 2043 ΓΡ

126 2056 205 2092 iure
230 2058 273 2092 ba
361 2058 407 2092 *6
433 2058 598 2093 transitis
623 2058 668 2102 bg]
690 2058 866 2092 transitus
896 2056 998 2090 VAP
1075 2057 1142 2089 *11
1171 2066 1259 2099 -que
1285 2053 1385 2098 apud
1409 2054 1471 2087 sir-

126 2102 242 2136 mium
281 2102 418 2137 milites
459 2113 689 2147 congregans
730 2102 869 2136 Vmea
904 2111 971 2135 om.
1015 2101 1047 2134 G
1140 2098 1361 2134 stationibus
1408 2098 1474 2142 bya

126 2147 426 2183 lac.11la·tc.VP
477 2152 607 2191 mpost
626 2147 721 2181 ratio
745 2146 833 2182 add.
887 2145 1039 2180 oscebat
1062 2145 1126 2179 rba
1173 2147 1241 2179 ⁶15
1266 2144 1474 2178 bouoneam

134 2191 241 2227 VGP
264 2191 470 2226 Bononiam
496 2192 540 2226 ba
635 2195 675 2226 18
701 2191 849 2237 dagalai
869 2201 930 2224 um
959 2190 1026 2224 ΓΑ
1051 2189 1073 2223 d
1126 2189 1258 2223 alisum
1282 2189 1339 2224 Pb
1353 2188 1475 2233 Daga-

130 2235 182 2271 lai
210 2235 300 2271 hum
327 2236 360 2272 G
407 2241 450 2271 22
476 2237 524 2270 ini
541 2237 708 2271 ieratorii
735 2237 799 2281 bya
826 2234 1042 2280 imperatori
1072 2234 1091 2268 1
1185 2234 1287 2268 metu
1311 2234 1346 2267 A
1370 2234 1474 2268 motu

136 2281 170 2315 V
205 2281 250 2326 by
341 2285 383 2316 25
409 2283 450 2315 ut
479 2281 512 2315 V
530 2282 622 2316 iAP
647 2283 685 2316 et
708 2293 727 2316 r
750 2292 817 2316 om.
843 2281 863 2315 b
956 2280 1026 2314 *⁶29
1052 2290 1202 2314 securus
1228 2279 1298 2313 ΘΑ
1329 2288 1475 2314 securos

137 2326 225 2362 VPb
317 2330 360 2361 30
386 2327 422 2360 te
447 2326 512 2370 byn
540 2328 578 2360 et
607 2326 673 2360 ΓΙ)
765 2330 808 2361 30
833 2336 999 2359 amarum
1025 2324 1083 2358 cui
1109 2328 1284 2368 transpos.
1310 2323 1350 2358 rb
