1573 2508
87 63 173 106 202
629 62 695 97 xx
720 67 755 108 4,
779 66 891 98 4-12
1502 38 1509 57 ³
1544 0 1573 40 Q

89 157 238 213 gendis
272 158 388 199 ocius
428 156 638 211 proficisci
671 156 902 211 Lupicinus
935 159 1169 199 conuentus
1202 162 1269 200 est
1307 158 1443 217 solus,

89 216 298 258 transisse
332 216 384 257 ad
418 215 686 257 Brittamlias
719 215 908 257 nondum
940 219 1180 271 conpertuS,
1211 217 1262 259 de
1289 215 1439 260 Scuta.-

87 275 166 316 riis
187 278 330 317 autem
351 278 392 315 et
413 273 658 315 Gentilibus
684 288 908 328 excerpere
930 288 1138 329 quemque
1170 276 1438 331 promptissi-

34 344 39 348 ”
89 348 206 375 mum
239 336 281 374 et
318 333 408 387 ipse
447 332 675 386 perducere
709 332 878 374 Sintula
917 333 1089 374 iubetur
1120 332 1316 376 Caesaris
1350 337 1435 376 sta-

89 392 180 433 buli
212 395 312 432 tunc
343 391 553 433 tribunus.
1454 407 1471 434 ⁵

208 450 247 491 4.
280 448 498 492 Conticuit
529 449 681 504 hisque
714 449 992 504 adquieuerat
1018 449 1222 503 Iulianus,
1253 450 1436 505 potioris

87 509 270 550 arbitrio
304 512 455 550 cuncta
488 508 732 550 concedens.
767 509 872 550 illud
903 512 1050 550 tamen
1070 524 1146 550 nec
1166 509 1438 551 dissimulare

88 568 233 622 potuit
262 582 338 609 nec
376 567 521 608 silere:
554 570 601 608 ut
633 567 698 607 illi
736 567 877 608 nullas
917 571 1165 621 paterentur
1202 568 1439 622 molestias,

90 626 163 681 qui
200 626 363 668 relictis
409 626 571 667 laribus
617 625 942 667 transrhenanis
985 627 1062 667 sub
1107 626 1188 668 hoc
1233 631 1437 668 uenerant

88 688 229 739 pacto,
260 699 312 726 ne
345 685 599 725 ducerentur
631 684 683 725 ad
715 687 860 738 partes
893 699 1095 739 umquam
1132 685 1437 739 transalpinos,
1458 702 1490 727 10

90 744 320 795 uerendum
359 757 451 784 esse
490 743 719 784 adfirmans
758 758 810 784 ne
843 743 1077 786 uoltmtarii
1115 744 1289 785 barbari
1327 743 1438 785 mili-

88 805 217 855 tares,
249 816 375 855 saepe
408 802 485 842 sub
519 802 609 842 eius
643 801 757 842 modi
791 802 959 856 legibus
982 802 1148 843 adsueti
1180 803 1364 844 transire
1386 802 1438 843 ad

89 864 251 914 nostra,
282 860 363 901 hoc
395 860 569 914 cognito
602 860 799 913 deinceps
822 864 1078 902 arcerentur.
1130 861 1203 902 sed
1235 861 1438 915 loqueba·

89 922 161 960 tur
191 920 236 960 in
269 934 449 960 cassum.
500 918 538 959 5.
570 919 766 960 tribunus
800 919 912 960 enim
950 920 1074 973 parui
1107 920 1302 974 querelas
1337 918 1438 961 Cae-

91 978 200 1019 saris
232 978 387 1018 ducens
421 977 609 1031 Augusti
641 978 768 1018 iussis
802 978 1131 1032 obtemperabat
1163 982 1206 1019 et
1238 978 1349 1019 lecta
1370 992 1436 1019 ex·
1457 994 1489 1020 15

89 1036 298 1090 peditiore
331 1050 460 1077 manu
479 1036 630 1090 uigore
652 1050 961 1090 corporumque
994 1037 1171 1078 leuitate
1198 1036 1436 1090 praestanti

89 1109 185 1137 cum
218 1095 351 1136 isdem
383 1094 598 1148 profectus
631 1098 696 1135 est
728 1109 802 1147 spe
834 1095 1051 1148 potiorum
1083 1098 1260 1136 erectus.

209 1153 246 1195 6.
278 1153 337 1194 Et
369 1154 469 1208 quia
502 1152 712 1194 sollicitus
734 1153 892 1194 Caesar
913 1153 1083 1207 quidde
1116 1153 1296 1194 residuis
1322 1153 1437 1194 mitti

88 1212 330 1266 praeceptis
369 1212 440 1266 agi
478 1211 666 1265 deberet,
707 1226 866 1265 perque
904 1211 1046 1253 uarias
1086 1226 1208 1253 curas
1248 1211 1438 1253 animum

89 1285 279 1324 uersans,
317 1271 490 1312 adtente
522 1271 745 1323 negotium
782 1270 960 1311 tractari
994 1274 1191 1324 oportere
1224 1270 1437 1321 censebat,
1457 1286 1491 1313 πο

91 1343 186 1371 cum
218 1329 317 1370 hinc
350 1329 536 1371 barbara
567 1329 717 1370 feritas
739 1329 835 1369 inde
868 1329 1081 1370 iussorum
1102 1332 1275 1383 urgeret
1296 1331 1438 1370 aucto-

90 1388 215 1442 ritas,
254 1388 522 1441 maximeque
561 1387 758 1428 absentia
790 1388 988 1441 magistri
1022 1388 1213 1442 equitum
1252 1391 1435 1441 augente

89 1446 368 1499 dubietatem,
400 1447 536 1487 redire
564 1446 616 1487 ad
637 1461 681 1487 se
714 1446 975 1499 praefectum
1009 1446 1205 1488 hortatus
1226 1450 1302 1499 est,
1333 1446 1437 1487 011111

90 1504 304 1546 Viennam
342 1506 482 1559 specie
525 1519 716 1546 annonae
754 1504 972 1558 parandae
1011 1505 1270 1559 digressum,
1306 1507 1355 1546 ut
1393 1519 1437 1545 se

90 1564 270 1605 militari
304 1564 508 1605 eximeret
545 1564 685 1604 turba.
749 1564 785 1604 7.
818 1563 1108 1616 perpendebat
1141 1563 1252 1604 enim
1292 1563 1344 1604 ad
1376 1577 1437 1604 re·
1457 1579 1491 1605 25

90 1622 298 1664 lationem
331 1637 463 1675 suam,
497 1636 624 1676 quam
657 1621 761 1662 olim
793 1622 1028 1674 putabatur
1060 1622 1241 1674 misisse,
1275 1622 1437 1663 abstra-

90 1680 250 1722 hendos
284 1696 305 1721 e
338 1681 578 1722 Galliarum
599 1680 844 1721 defensione
877 1693 1091 1734 pugnaces
1124 1695 1323 1722 numeros
1345 1681 1437 1722 bar-

89 1739 291 1794 barisque
324 1740 409 1780 iam
443 1739 707 1781 formidatos.
770 1739 807 1779 8.
830 1739 901 1792 qui
934 1754 1028 1780 cum
1063 1739 1321 1793 suscepisset
1336 1737 1437 1780 Cae-

90 1798 199 1839 saris
238 1798 406 1839 litteras
440 1797 652 1839 monentis
685 1797 968 1852 petentisque,
1006 1801 1052 1839 ut
1090 1798 1234 1839 uenire
1276 1797 1437 1839 adcele-

89 1859 205 1897 raret
238 1871 325 1897 rem
359 1857 573 1910 publicanl
601 1856 792 1896 consiliis
827 1856 1062 1909 iuuaturus,
1094 1856 1434 1897 obstinatissime
1455 1872 1489 1897 30

183 2010 198 2039 1
215 2007 420 2040 conuentus
434 2005 499 2039 VG
514 2007 710 2040 contentus
720 2006 801 2039 Pba
848 2010 868 2040 3
882 2005 1084 2049 gentilibus
1099 2005 1162 2038 171¹
1172 2006 1346 2047 gentibus
1356 2005 1435 2041 Pba

89 2054 111 2084 4
136 2049 282 2084 Sintula
308 2052 340 2082 (τ’
366 2050 513 2093 singula
543 2050 608 2084 ΓΡ
700 2054 717 2083 ’7
745 2050 950 2084 concedens
978 2050 1009 2084 G
1036 2049 1258 2084 concludens
1283 2050 1325 2084 ba
1353 2061 1434 2084 con-

90 2093 229 2129 cudens
260 2094 324 2128 l'l’
398 2099 436 2128 13
461 2095 584 2139 cogito
615 2093 648 2127 V
717 2098 758 2129 15
788 2094 886 2128 lecta
910 2095 976 2137 baa
1000 2094 1114 2129 lectas
1139 2095 1242 2131 codd.
1297 2099 1337 2129 21
1365 2095 1434 2129 ius-

1169 2147 1200 2165 ΙὊ

89 2181 213 2206 sorum
249 2173 399 2216 urgeret
432 2172 462 2203 (i
496 2172 676 2206 iustorum
702 2173 838 2216 urguet
867 2171 934 2206 ΓΙ)
1027 2177 1068 2206 22
1099 2173 1254 2217 sugente
1279 2172 1311 2206 V
1333 2175 1436 2215 (corr.

91 2261 136 2284 m.
163 2251 246 2292 rec.)
270 2250 494 2294 suggerente
521 2251 552 2283 A
586 2250 744 2285 faciente
773 2251 805 2283 (ι’
830 2262 896 2285 om.
923 2251 979 2286 Pb
1071 2254 1113 2285 23
1139 2226 1367 2285 dssbietatem
1407 2249 1438 2283 Γ

93 2293 326 2328 dubietatem
354 2295 387 2329 P
436 2298 476 2327 :25
503 2295 684 2329 eximeret
708 2295 818 2329 turba
835 2296 872 2329 ‘in
892 2307 962 2331 ms.
987 2294 1033 2327 1¹⁷2
1063 2295 1125 2340 ad]
1148 2306 1169 2330 a
1187 2295 1253 2329 ΥΡ
1300 2297 1343 2329 26
1368 2294 1431 2329 ab·

89 2338 290 2374 strabendo
315 2350 353 2373 se
385 2338 495 2374 I‘I’ba
521 2339 789 2374 abstrahendos
815 2352 836 2374 a
863 2341 893 2375 G
