1614 2549
649 65 880 103 IVLIANVS
905 71 970 102 362
1384 85 1438 128 27
1441 85 1470 128 5

254 161 293 203 3.
314 161 633 215 Frequentabat
654 162 766 202 inter
792 161 897 202 haec
924 162 1086 203 curiam
1115 162 1468 220 agendowfflfadag

137 234 246 274 quae
267 220 500 261 diuisiones
521 220 784 274 multiplices
804 221 1071 275 ingerebant.
1121 223 1163 261 et
1183 235 1278 262 cum
1298 221 1364 263 die
1383 238 1466 276 qm]

136 279 235 320 dam
268 279 306 319 ei
338 293 486 320 causas
520 279 580 320 ibi
613 279 825 333 spectanti
856 279 1025 320 uenisse
1053 280 1278 321 nuntiatus
1300 283 1412 322 esset
1433 295 1483 321 ex

137 337 244 378 Asia
274 337 559 391 philosophus
591 337 818 392 Maximus,
860 338 1035 379 exsiluit
1076 339 1294 380 indecore:
1336 342 1378 380 et
1410 339 1483 393 qui

102 409 118 436 5
139 399 253 438 esset
285 396 460 450 oblitus,
494 396 626 438 effuso
659 411 785 438 cursu
818 412 842 437 a
872 397 1089 438 uestibulo
1122 397 1251 451 longe
1289 411 1485 452 progres-

139 469 211 496 sus
252 455 547 496 exosculatum
585 458 915 509 susceptumque
952 459 1197 497 reuerenter
1237 470 1380 498 secum
1425 457 1485 498 in·

139 513 260 554 duxit
291 528 367 567 per
399 514 732 555 ostentationem
771 514 1122 567 intempestiuam
1152 515 1312 556 nimius
1346 518 1486 569 capta-

139 575 209 614 tor
242 573 382 613 inanis
423 572 587 626 gloriae
626 573 757 626 uisus,
794 573 1089 627 praeclarique
1126 573 1245 614 illius
1285 574 1388 615 dicti
1425 575 1485 616 in-

141 645 304 672 memor
331 631 535 685 Tulliani,
568 645 651 685 quo
678 631 789 672 tales
809 632 998 672 notando
1020 632 1082 672 ita
1100 632 1305 673 relatum:
1337 633 1377 673 4.
1390 632 1487 687 ‘ipsi

89 706 122 730 10
143 689 210 730 illi
247 689 497 744 philosophi
542 690 672 731 etiam
718 690 762 730 in
805 690 873 731 his
916 690 1054 744 libris,
1099 705 1204 744 quos
1253 691 1302 731 de
1348 694 1488 733 conte-

142 748 325 790 mnenda
357 749 498 802 gloria
531 749 735 802 scribunt,
760 763 918 790 nomen
944 764 1068 790 suum
1095 749 1338 790 inscribunt
1369 753 1418 791 ut
1444 751 1489 792 in

141 821 190 848 eo
223 807 329 861 ipso,
363 822 446 861 quo
467 807 830 861 praedicationem
855 807 1216 862 nobilitatemque
1237 808 1488 864 despiciunt,

143 866 383 919 praedicari
415 866 464 907 de
498 880 541 907 se
575 880 623 907 ac
657 881 700 906 se
732 867 947 907 nominari
978 866 1139 907 uelint’.

261 924 298 965 5.
325 924 446 965 Haut
477 924 614 965 multo
647 924 844 978 deinceps
877 925 960 965 duo
993 927 1169 979 agentes
1203 925 1247 965 in
1277 925 1404 966 rebus
1438 940 1488 967 ex

90 997 122 1024 15
142 982 222 1036 his,
256 983 329 1036 qui
348 983 529 1037 proiecti
550 986 662 1037 sunt,
695 997 792 1024 eum
819 983 959 1024 adiere
991 983 1204 1037 fidentius,
1236 984 1490 1037 promitten—

143 1044 208 1082 tes
242 1041 430 1083 latebras
466 1044 708 1083 monstrare
740 1041 962 1095 Florentii,
1000 1042 1036 1082 si
1071 1042 1131 1083 eis
1176 1042 1334 1096 gradus
1379 1043 1490 1084 mili-

142 1100 229 1141 tiae
260 1100 519 1154 redderetur,
552 1114 657 1155 quos
690 1101 905 1142 incessens
938 1101 1236 1155 delatoresque
1269 1101 1490 1155 adpellans

145 1159 328 1200 addebat
358 1173 444 1200 non
466 1174 557 1200 esse
590 1159 928 1213 imperatorium,
960 1159 1148 1213 obliquis
1180 1159 1295 1200 flecti
1322 1160 1490 1201 indiciis

147 1218 201 1258 ad
239 1217 545 1259 retrahendum
583 1217 804 1259 hominem
841 1218 995 1259 mortis
1030 1221 1147 1259 metu
1180 1218 1492 1272 absconditum,

92 1293 126 1317 20
147 1276 220 1330 qui
252 1276 363 1317 forte
395 1291 481 1317 non
513 1276 584 1317 diu
618 1276 791 1317 latitare
824 1277 932 1317 citra
971 1291 1090 1330 spem
1129 1277 1278 1318 ueniae
1316 1277 1493 1331 permit-

145 1338 320 1376 teretur.

265 1394 303 1435 6.
342 1393 506 1434 Aderat
543 1393 611 1433 his
650 1394 848 1435 omnibus
887 1394 1209 1447 Praetextatus,
1246 1393 1492 1447 praeclarae

147 1452 305 1493 indolis
338 1452 654 1506 grauitatisque
686 1454 850 1505 priscae
884 1454 1067 1506 senator,
1106 1467 1156 1494 ex
1193 1452 1367 1506 negotio
1400 1466 1494 1506 pro-

147 1511 241 1565 prio
274 1510 387 1552 forte
419 1513 614 1564 repertus
654 1511 766 1565 apud
799 1510 1234 1565 Constantinopolim,
1273 1525 1400 1565 quem
1433 1525 1495 1552 ar-

94 1585 128 1610 25
148 1569 280 1611 bitrio
315 1584 390 1610 suo
417 1568 609 1619 Achaiae
641 1570 938 1623 proconsulari
968 1569 1234 1623 praefecerat
1265 1572 1496 1623 potestate.

269 1629 305 1669 7.
338 1627 429 1669 Nec
461 1631 618 1683 tamen,
651 1643 747 1669 eum
780 1628 1044 1683 corrigendis
1077 1628 1277 1669 ciuilibus
1310 1628 1373 1670 ita
1404 1628 1497 1668 dili-

150 1689 302 1741 genter
340 1687 533 1740 instaret,
579 1687 726 1728 omisit
764 1687 1012 1740 castrensia,
1056 1690 1243 1728 rectores
1282 1687 1496 1728 militibus

150 1746 222 1786 diu
255 1745 499 1799 exploratos
533 1745 760 1800 adponens,
791 1746 919 1787 urbes
953 1746 1056 1800 quin
1088 1746 1221 1787 etiam
1258 1760 1333 1800 per
1365 1744 1498 1786 Thra-

151 1804 239 1845 cias
272 1818 418 1845 omnes
453 1818 549 1844 cum
581 1805 859 1859 munimentis
888 1819 1088 1858 reparans
1112 1804 1295 1857 extimis,
1328 1818 1498 1845 curans-

98 1880 132 1904 30
153 1877 233 1917 que
267 1863 465 1916 sollicite,
496 1877 548 1903 ne
582 1878 703 1904 arma
733 1863 803 1903 uel
842 1863 1092 1903 indumenta
1124 1865 1199 1903 aut
1237 1861 1498 1915 stipendium

152 1922 222 1962 uel
262 1921 468 1962 alimenta
509 1921 705 1962 deessent
742 1921 809 1962 his
844 1936 949 1975 quos
988 1935 1064 1975 per
1097 1920 1327 1974 supercilia
1357 1919 1500 1961 Histri

154 1980 366 2034 dispersos
410 1980 744 2034 excursibusque
786 1980 1070 2021 barbarorum
1104 1979 1325 2034 oppositos
1371 1992 1499 2033 agere

245 2129 289 2158 *1
316 2124 463 2159 diuerso
490 2124 712 2168 diuersaque
743 2123 811 2158 VP
857 2127 876 2157 2
908 2123 1109 2157 diuisiones
1145 2123 1258 2157 VPba
1288 2124 1499 2166 occupatio-

154 2180 220 2203 nes
235 2169 269 2204 G
316 2173 335 2204 7
352 2180 420 2213 per
440 2169 728 2204 ostentationem
746 2169 810 2212 byct
830 2168 1167 2212 prostentationem
1188 2167 1256 2202 VP
1302 2172 1321 2202 9
1341 2176 1412 2210 pro
1428 2168 1500 2201 Ar-

154 2214 237 2248 chia
261 2217 317 2255 11,
341 2216 388 2248 26
437 2218 478 2249 10
502 2213 851 2258 (commendanda)
875 2223 970 2247 mem.
995 2223 1062 2247 rec.
1083 2212 1117 2246 V
1177 2213 1248 2246 *14
1259 2211 1368 2246 Haud
1389 2212 1422 2246 G
1439 2211 1502 2245 Ait

160 2257 228 2293 ΓΡ
263 2259 312 2292 At
347 2259 390 2293 ba
489 2262 529 2293 15
554 2258 728 2292 fidentius
767 2257 800 2291 G
835 2257 1032 2292 uedentius
1071 2257 1138 2291 VP
1167 2256 1427 2291 uehementius
1458 2256 1502 2290 ba

156 2304 227 2338 *16
246 2304 298 2338 eis
313 2303 384 2338 GA
401 2304 479 2337 eius
497 2303 585 2337 VPb
632 2307 675 2337 ⁴20
691 2303 824 2338 ueniae
841 2303 874 2337 G
888 2302 1021 2336 uineae
1040 2302 1107 2337 VP
1123 2302 1225 2336 uitae
1249 2302 1289 2336 rb
1337 2305 1379 2336 25
1396 2310 1505 2345 prae-

156 2348 298 2382 fecerat
323 2348 357 2383 G
380 2349 569 2392 praeferat
598 2347 631 2381 V
652 2358 718 2382 om.
743 2347 779 2381 P
869 2351 912 2382 ‘28
940 2347 1130 2391 adponens
1159 2346 1263 2382 VGP
1287 2356 1353 2381 om.
1381 2346 1421 2380 rb

227 2411 405 2437 AmmrAnvs
425 2412 668 2437 MARCELLINVS.
1247 2408 1289 2439 18
