1573 2508
64 125 149 167 314
576 119 699 155 XXIII
723 123 756 163 4,
783 123 881 163 7—5,
907 124 927 155 2

64 236 199 276 paene
232 219 430 273 supinum
463 215 691 257 inclinant:
722 214 867 269 itaque
899 215 1069 257 demum
1107 218 1303 259 sublimis
1341 218 1409 260 ad-

65 284 184 322 stans
216 277 424 331 magister
457 274 703 326 claustrum,
735 273 847 327 quod
878 274 1014 315 totius
1046 276 1186 329 operis
1219 276 1410 318 continet

65 338 248 390 uincula,
278 337 441 376 reserat
473 332 628 374 malleo
660 332 765 373 forti
802 332 1056 387 perculsum,
1094 334 1202 376 unde
1242 335 1410 377 absolu-

65 402 133 439 tus
177 397 265 437 ictu
302 392 468 435 uolucri
507 391 633 432 stilus
673 393 716 431 et
754 391 1026 432 mollitudine
1065 392 1247 435 offensus
1281 393 1410 435 cilicii

65 470 215 497 saxum
230 454 502 505 contorquet,
521 449 720 504 quicquid
741 450 967 491 incurrerit
988 450 1259 493 conlisurum.
1310 452 1346 493 7.
1367 454 1410 493 et

65 515 327 556 tormentum
367 509 536 564 quidem
570 508 813 562 appellatur
846 523 896 549 ex
935 523 983 550 eo
1017 510 1128 563 quod
1167 510 1305 551 omnis
1345 524 1411 552 ex-

64 573 241 627 plicatio
287 571 524 623 torquetur,
569 567 735 620 scorpio
781 569 924 608 autem
969 568 1171 621 quoniam
1216 568 1410 610 aculeum

64 631 246 684 desuper
288 628 421 669 habet
459 628 658 678 erectum,
702 625 767 666 cui
807 625 937 666 etiam
969 627 1121 681 onagri
1153 627 1409 669 uocabulum

64 689 220 731 indidit
258 689 374 730 aetas
406 685 581 726 nouella
619 699 668 725 ea
699 698 756 737 re,
795 684 906 738 quod
945 685 1054 726 asini
1093 685 1172 726 feri
1211 700 1306 727 cum
1343 700 1411 727 ue-

65 748 240 790 natibus
274 746 507 800 agitantur,
546 743 607 784 ita
639 742 803 783 eminus
842 742 1005 796 lapides
1042 746 1141 797 post
1171 745 1297 798 terga
1328 744 1412 786 cal-

65 806 258 848 citrando
280 804 500 855 emittunt,
526 804 572 842 ut
592 801 812 855 perforent
843 804 1016 854 pectora
1037 803 1305 856 sequentium
1337 806 1412 844 aut

65 863 292 919 perfractis
325 862 493 903 ossibus
527 860 668 914 capita
700 859 792 912 ipsa
825 859 1081 913 displodant.

185 924 223 964 8.
254 921 367 963 Hinc
399 921 454 961 ad
485 919 663 960 arietem
689 918 919 959 ueniemus.
983 918 1160 972 eligitur
1192 919 1309 960 abies
1341 919 1412 960 uel

66 996 196 1023 ornus
229 980 408 1032 excelsa,
446 978 563 1019 cuius
597 976 820 1018 summitas
853 976 955 1017 duro
994 976 1106 1017 ferro
1146 977 1412 1019 concluditur

65 1043 110 1082 et
134 1039 316 1094 prolixo,
347 1037 494 1079 arietis
527 1035 717 1077 efficiens
749 1035 1037 1088 prominulam
1070 1036 1265 1090 speciem,
1305 1050 1411 1090 quae

65 1099 206 1140 forma
240 1097 340 1138 huic
379 1094 722 1136 machinamento
762 1093 1019 1134 uocabulum
1058 1093 1231 1148 indidit,
1271 1098 1313 1135 et
1350 1094 1411 1136 sic

66 1170 271 1210 suspensa
314 1154 529 1208 utrimque
573 1152 832 1194 transuersis
877 1152 1092 1193 asseribus
1147 1155 1190 1193 et
1238 1152 1411 1195 ferratis

66 1215 190 1270 quasi
211 1229 261 1256 ex
293 1214 415 1255 lance
441 1211 624 1253 uinculis
657 1211 794 1252 trabis
816 1210 994 1251 alterius
1015 1210 1269 1265 continetur,
1302 1225 1412 1253 eam-

67 1288 147 1328 que
181 1275 387 1328 quantum
420 1284 644 1311 mensurae
676 1269 787 1311 ratio
824 1269 988 1322 patitur
1026 1269 1257 1311 multitudo
1295 1272 1411 1311 retro

65 1332 277 1386 repellens
316 1345 462 1371 rursus
502 1329 553 1370 ad
587 1328 716 1369 obuia
753 1342 943 1381 quaeque
976 1328 1211 1381 rumpenda
1246 1330 1413 1382 protru-

67 1391 130 1432 dit
162 1390 318 1431 ictibus
352 1387 630 1429 ualidissimis
663 1387 801 1428 instar
838 1386 1109 1439 adsurgentis
1144 1388 1187 1427 et
1224 1387 1411 1428 cedentis

65 1449 227 1490 arietis,
289 1462 373 1501 qua
411 1446 641 1487 crebritate
678 1445 797 1486 uelut
840 1444 1048 1498 reciproci
1100 1444 1293 1486 fulminis
1337 1445 1413 1486 im-

66 1510 169 1561 petu
213 1505 416 1547 aedificiis
459 1504 604 1545 scissis
649 1504 693 1544 in
730 1503 861 1544 rimas
900 1502 1129 1544 concidunt
1173 1505 1412 1544 structurae

68 1565 237 1607 laxatae
258 1578 489 1605 murorum.
539 1564 577 1603 9.
598 1562 677 1603 hoc
709 1575 864 1616 genere
885 1561 1026 1614 operis
1048 1561 1083 1601 si
1116 1561 1245 1602 fuerit
1265 1563 1411 1602 exerto

66 1624 216 1678 uigore
249 1623 498 1675 discussum,
530 1620 701 1663 nudatis
721 1618 1013 1660 defensoribus
1047 1619 1224 1673 ideoque
1257 1620 1411 1661 solutis

66 1682 246 1724 obsidiis
279 1680 477 1722 ciuitates
511 1679 821 1720 munitissimae
854 1677 1142 1718 recluduntur.

189 1740 253 1782 10.
285 1739 369 1780 Pro
402 1738 470 1778 his
503 1738 684 1779 arietum
718 1736 1035 1778 meditamentis
1068 1736 1153 1777 iam
1184 1736 1412 1777 crebritate

67 1799 278 1852 despectis
300 1797 496 1838 conditur
523 1796 719 1837 machina
740 1794 1022 1848 scriptoribus
1055 1794 1273 1836 historicis
1294 1797 1408 1847 nota,

68 1872 196 1911 quam
241 1854 440 1897 ἑλέπολιν
484 1854 635 1896 Graeci
681 1853 1047 1907 cognominamus.
1115 1853 1232 1894 cuius
1283 1867 1414 1906 opera

66 1915 268 1956 diuturna
299 1914 543 1955 Demetrius
577 1912 787 1965 Antigoni
819 1912 934 1952 filius
966 1911 1081 1965 regis
1113 1911 1266 1952 Rhodo
1299 1911 1413 1952 aliis-

67 1988 148 2028 que
198 1973 374 2014 urbibus
426 1971 684 2026 oppuguatis
729 1970 994 2012 Poliorcetes
1045 1972 1111 2010 est
1160 1969 1413 2024 appellatus.

160 2137 176 2167 1
203 2133 374 2177 supinum
408 2132 572 2166 Valesius
596 2131 761 2165 surinum
794 2130 859 2164 VP
884 2130 1059 2164 uncinum
1086 2131 1151 2174 bya
1226 2134 1246 2163 3
1271 2129 1412 2173 percul-

68 2189 150 2211 sum
183 2177 273 2211 Hau
292 2181 314 2210 ,t
346 2188 558 2221 percussum
587 2178 618 2210 (γ’
652 2175 884 2220 perclaumnu
923 2174 1032 2208 VPba
1124 2178 1143 2207 6
1168 2174 1268 2218 quod
1299 2184 1343 2207 ex
1369 2184 1413 2208 eo

65 2225 247 2265 transpos.
277 2223 300 2255 ι’
325 2221 424 2265 quod
443 2222 585 2254 sunium
605 2221 654 2254 im
684 2219 857 2254 licatione
882 2218 1046 2253 Valesius
1092 2220 1159 2253 *13
1185 2218 1232 2252 ad
1257 2229 1322 2252 om.
1347 2217 1413 2253 VP

74 2271 113 2301 19
149 2265 352 2300 multitudo
391 2267 422 2299 G
460 2265 619 2299 altitudo
693 2265 774 2299 Pba
867 2268 909 2298 ⁶20
946 2263 1057 2297 obuia
1086 2264 1106 2297 b
1131 2274 1154 2297 a
1185 2262 1312 2297 iobina
1348 2261 1413 2297 VP

68 2315 109 2344 :21
137 2310 303 2345 cedentis
326 2310 458 2344 serim
482 2309 672 2344 caedentis
696 2309 798 2343 codd.
869 2312 911 2342 22
936 2308 1062 2342 arietis
1121 2307 1256 2342 alesius
1279 2306 1413 2341 armati

76 2355 211 2400 VPbya
264 2359 306 2389 25
331 2366 380 2389 nu
410 2356 470 2388 ato
498 2354 596 2388 uallo
621 2352 878 2387 defensoribus
903 2353 922 2387 b
948 2363 971 2386 a
1026 2357 1067 2388 29
1091 2351 1315 2396 haelepolim
1346 2350 1414 2385 VP

69 2404 112 2435 30
136 2400 234 2444 regis
264 2399 329 2434 VA
354 2409 419 2434 om.
445 2399 523 2443 1³09
593 2402 631 2431 31
666 2397 880 2441 polim-cetis
944 2400 950 2420 ¹
984 2396 1223 2441 poliorchitcs
1253 2395 1336 2430 V²P

1429 462 1446 489 5

1431 756 1464 780 10

1433 1045 1465 1072 15

1431 1338 1465 1363 80

1432 1629 1466 1655 25

1432 1918 1519 1947 80'
