<?xml version="1.0" encoding="UTF-8"?>
<!DOCTYPE html PUBLIC "-//W3C//DTD XHTML 1.0 Transitional//EN"
    "http://www.w3.org/TR/xhtml1/DTD/xhtml1-transitional.dtd">
<html xmlns="http://www.w3.org/1999/xhtml" xml:lang="en" lang="en">
 <head>
  <title>
</title>
<meta http-equiv="Content-Type" content="text/html;charset=utf-8" />
  <meta name='ocr-system' content='tesseract 3.04.00' />
  <meta name='ocr-capabilities' content='ocr_page ocr_carea ocr_par ocr_line ocrx_word'/>
</head>
<body>
  <div class='ocr_page' id='page_1' title='image "./rerumgestarumlib01ammiuoft_0138.png"; bbox 0 0 1573 2508; ppageno 0'>
   <div class='ocr_carea' id='block_1_1' title="bbox 1345 0 1553 95">
    <p class='ocr_par' dir='ltr' id='par_1_1' title="bbox 1345 0 1553 95">
     <span class='ocr_line' id='line_1_1' title="bbox 1345 0 1553 95; baseline -0.01 -85"><span class='ocrx_word' id='word_1_1' title='bbox 1345 0 1553 95; x_wconf 24' lang='lat' dir='ltr'>&#39;&#39;hb-&#39;&#39;⁶³&#39;&#39;</span> 
     </span>
    </p>
   </div>
   <div class='ocr_carea' id='block_1_2' title="bbox 116 195 1526 2068">
    <p class='ocr_par' dir='ltr' id='par_1_2' title="bbox 116 195 1526 2068">
     <span class='ocr_line' id='line_1_2' title="bbox 118 195 1464 251; baseline -0.002 -11"><span class='ocrx_word' id='word_1_2' title='bbox 118 198 288 240; x_wconf 87' lang='lat' dir='ltr'>uiuendi</span> <span class='ocrx_word' id='word_1_3' title='bbox 320 197 642 251; x_wconf 78' lang='lat' dir='ltr'>sollertiamque</span> <span class='ocrx_word' id='word_1_4' title='bbox 674 196 940 248; x_wconf 78' lang='lat' dir='ltr'>ostendebat,</span> <span class='ocrx_word' id='word_1_5' title='bbox 972 195 1129 238; x_wconf 85' lang='lat' dir='ltr'>litteris</span> <span class='ocrx_word' id='word_1_6' title='bbox 1151 198 1357 250; x_wconf 86' lang='lat' dir='ltr'>quantum</span> <span class='ocrx_word' id='word_1_7' title='bbox 1383 195 1464 237; x_wconf 78' lang='lat' dir='ltr'>tali</span> 
     </span>
     <span class='ocr_line' id='line_1_3' title="bbox 116 254 1463 309; baseline -0.002 -11"><span class='ocrx_word' id='word_1_8' title='bbox 116 258 314 298; x_wconf 81' lang='lat' dir='ltr'>fortunae</span> <span class='ocrx_word' id='word_1_9' title='bbox 353 256 459 297; x_wconf 85' lang='lat' dir='ltr'>satis</span> <span class='ocrx_word' id='word_1_10' title='bbox 499 270 590 296; x_wconf 89' lang='lat' dir='ltr'>esse</span> <span class='ocrx_word' id='word_1_11' title='bbox 628 257 798 309; x_wconf 90' lang='lat' dir='ltr'>poterat</span> <span class='ocrx_word' id='word_1_12' title='bbox 837 255 1045 307; x_wconf 87' lang='lat' dir='ltr'>eruditus,</span> <span class='ocrx_word' id='word_1_13' title='bbox 1091 254 1310 309; x_wconf 84' lang='lat' dir='ltr'>cogitandi</span> <span class='ocrx_word' id='word_1_14' title='bbox 1349 254 1463 295; x_wconf 88' lang='lat' dir='ltr'>inue-</span> 
     </span>
     <span class='ocr_line' id='line_1_4' title="bbox 117 313 1464 369; baseline -0.003 -12"><span class='ocrx_word' id='word_1_15' title='bbox 117 315 344 369; x_wconf 83' lang='lat' dir='ltr'>niendique</span> <span class='ocrx_word' id='word_1_16' title='bbox 389 314 517 356; x_wconf 87' lang='lat' dir='ltr'>dubia</span> <span class='ocrx_word' id='word_1_17' title='bbox 556 317 599 355; x_wconf 88' lang='lat' dir='ltr'>et</span> <span class='ocrx_word' id='word_1_18' title='bbox 641 313 892 367; x_wconf 86' lang='lat' dir='ltr'>scrupulosa</span> <span class='ocrx_word' id='word_1_19' title='bbox 936 313 1130 354; x_wconf 74' lang='lat' dir='ltr'>aciunine</span> <span class='ocrx_word' id='word_1_20' title='bbox 1167 313 1299 353; x_wconf 90' lang='lat' dir='ltr'>nimio</span> <span class='ocrx_word' id='word_1_21' title='bbox 1344 327 1464 366; x_wconf 86' lang='lat' dir='ltr'>prae-</span> 
     </span>
     <span class='ocr_line' id='line_1_5' title="bbox 117 370 1465 427; baseline -0.001 -13"><span class='ocrx_word' id='word_1_22' title='bbox 117 377 249 427; x_wconf 82' lang='lat' dir='ltr'>stans,</span> <span class='ocrx_word' id='word_1_23' title='bbox 268 374 507 414; x_wconf 72' lang='lat' dir='ltr'>imnensiun</span> <span class='ocrx_word' id='word_1_24' title='bbox 528 375 735 427; x_wconf 86' lang='lat' dir='ltr'>quantum</span> <span class='ocrx_word' id='word_1_25' title='bbox 756 372 962 413; x_wconf 85' lang='lat' dir='ltr'>memoria</span> <span class='ocrx_word' id='word_1_26' title='bbox 982 371 1145 425; x_wconf 84' lang='lat' dir='ltr'>uigens,</span> <span class='ocrx_word' id='word_1_27' title='bbox 1172 370 1465 413; x_wconf 83' lang='lat' dir='ltr'>benefaciendi</span> 
     </span>
     <span class='ocr_line' id='line_1_6' title="bbox 117 429 1500 486; baseline -0.003 -13"><span class='ocrx_word' id='word_1_28' title='bbox 117 432 266 473; x_wconf 88' lang='lat' dir='ltr'>auidus</span> <span class='ocrx_word' id='word_1_29' title='bbox 298 431 532 486; x_wconf 86' lang='lat' dir='ltr'>plenusque</span> <span class='ocrx_word' id='word_1_30' title='bbox 566 431 667 472; x_wconf 86' lang='lat' dir='ltr'>iusti</span> <span class='ocrx_word' id='word_1_31' title='bbox 700 431 888 484; x_wconf 82' lang='lat' dir='ltr'>consilii,</span> <span class='ocrx_word' id='word_1_32' title='bbox 921 444 1047 484; x_wconf 86' lang='lat' dir='ltr'>quem</span> <span class='ocrx_word' id='word_1_33' title='bbox 1078 431 1114 471; x_wconf 89' lang='lat' dir='ltr'>si</span> <span class='ocrx_word' id='word_1_34' title='bbox 1145 429 1356 472; x_wconf 72' lang='lat' dir='ltr'>Constans</span> <span class='ocrx_word' id='word_1_35' title='bbox 1389 429 1464 470; x_wconf 89' lang='lat' dir='ltr'>im·</span> <span class='ocrx_word' id='word_1_36' title='bbox 1483 444 1500 469; x_wconf 85' lang='lat'><strong>5</strong></span> 
     </span>
     <span class='ocr_line' id='line_1_7' title="bbox 118 487 1466 545; baseline -0.003 -13"><span class='ocrx_word' id='word_1_37' title='bbox 118 493 289 545; x_wconf 87' lang='lat' dir='ltr'>perator</span> <span class='ocrx_word' id='word_1_38' title='bbox 321 490 426 532; x_wconf 89' lang='lat' dir='ltr'>olim</span> <span class='ocrx_word' id='word_1_39' title='bbox 459 505 508 531; x_wconf 84' lang='lat' dir='ltr'>ex</span> <span class='ocrx_word' id='word_1_40' title='bbox 542 490 688 531; x_wconf 86' lang='lat' dir='ltr'>adulto</span> <span class='ocrx_word' id='word_1_41' title='bbox 711 522 836 531; x_wconf 93' lang='grc'><strong>......</strong></span> <span class='ocrx_word' id='word_1_42' title='bbox 858 490 1024 543; x_wconf 86' lang='lat' dir='ltr'>iamque</span> <span class='ocrx_word' id='word_1_43' title='bbox 1058 491 1274 530; x_wconf 86' lang='lat' dir='ltr'>maturum</span> <span class='ocrx_word' id='word_1_44' title='bbox 1299 487 1466 529; x_wconf 83' lang='lat' dir='ltr'>audiret</span> 
     </span>
     <span class='ocr_line' id='line_1_8' title="bbox 117 546 1467 601; baseline -0.002 -11"><span class='ocrx_word' id='word_1_45' title='bbox 117 549 299 590; x_wconf 85' lang='lat' dir='ltr'>honesta</span> <span class='ocrx_word' id='word_1_46' title='bbox 319 550 567 590; x_wconf 81' lang='lat' dir='ltr'>suadentem</span> <span class='ocrx_word' id='word_1_47' title='bbox 600 552 642 590; x_wconf 87' lang='lat' dir='ltr'>et</span> <span class='ocrx_word' id='word_1_48' title='bbox 667 550 795 601; x_wconf 82' lang='lat' dir='ltr'>recta,</span> <span class='ocrx_word' id='word_1_49' title='bbox 827 548 947 588; x_wconf 84' lang='lat' dir='ltr'>nulla</span> <span class='ocrx_word' id='word_1_50' title='bbox 968 547 1035 588; x_wconf 87' lang='lat' dir='ltr'>uel</span> <span class='ocrx_word' id='word_1_51' title='bbox 1058 547 1182 588; x_wconf 87' lang='lat' dir='ltr'>uenia</span> <span class='ocrx_word' id='word_1_52' title='bbox 1201 549 1315 588; x_wconf 87' lang='lat' dir='ltr'>certe</span> <span class='ocrx_word' id='word_1_53' title='bbox 1336 546 1467 600; x_wconf 85' lang='lat' dir='ltr'>digna</span> 
     </span>
     <span class='ocr_line' id='line_1_9' title="bbox 117 604 1466 662; baseline -0.003 -13"><span class='ocrx_word' id='word_1_54' title='bbox 117 611 346 662; x_wconf 75' lang='lat' dir='ltr'>peccasset.</span> <span class='ocrx_word' id='word_1_55' title='bbox 379 609 417 649; x_wconf 82' lang='lat'>6.</span> <span class='ocrx_word' id='word_1_56' title='bbox 446 608 479 648; x_wconf 88' lang='lat' dir='ltr'>is</span> <span class='ocrx_word' id='word_1_57' title='bbox 502 607 770 661; x_wconf 85' lang='lat' dir='ltr'>praepositus</span> <span class='ocrx_word' id='word_1_58' title='bbox 793 606 976 648; x_wconf 78' lang='lat' dir='ltr'>cubiculi</span> <span class='ocrx_word' id='word_1_59' title='bbox 1004 606 1134 647; x_wconf 88' lang='lat' dir='ltr'>etiam</span> <span class='ocrx_word' id='word_1_60' title='bbox 1155 605 1370 646; x_wconf 87' lang='lat' dir='ltr'>Iulianum</span> <span class='ocrx_word' id='word_1_61' title='bbox 1391 604 1466 646; x_wconf 86' lang='lat' dir='ltr'>ali-</span> 
     </span>
     <span class='ocr_line' id='line_1_10' title="bbox 119 663 1466 721; baseline -0.002 -14"><span class='ocrx_word' id='word_1_62' title='bbox 119 667 315 721; x_wconf 87' lang='lat' dir='ltr'>quot-iens</span> <span class='ocrx_word' id='word_1_63' title='bbox 349 666 593 719; x_wconf 88' lang='lat' dir='ltr'>corrigebat</span> <span class='ocrx_word' id='word_1_64' title='bbox 615 665 818 706; x_wconf 78' lang='lat' dir='ltr'>Asiaticis</span> <span class='ocrx_word' id='word_1_65' title='bbox 841 665 1044 706; x_wconf 86' lang='lat' dir='ltr'>coalitum</span> <span class='ocrx_word' id='word_1_66' title='bbox 1065 664 1254 705; x_wconf 87' lang='lat' dir='ltr'>moribus</span> <span class='ocrx_word' id='word_1_67' title='bbox 1287 663 1466 717; x_wconf 89' lang='lat' dir='ltr'>ideoque</span> 
     </span>
     <span class='ocr_line' id='line_1_11' title="bbox 118 723 1520 778; baseline -0.003 -13"><span class='ocrx_word' id='word_1_68' title='bbox 118 725 267 766; x_wconf 87' lang='lat' dir='ltr'>leuem.</span> <span class='ocrx_word' id='word_1_69' title='bbox 309 725 488 778; x_wconf 89' lang='lat' dir='ltr'>denique</span> <span class='ocrx_word' id='word_1_70' title='bbox 509 724 724 777; x_wconf 83' lang='lat' dir='ltr'>digressus</span> <span class='ocrx_word' id='word_1_71' title='bbox 757 724 809 765; x_wconf 92' lang='lat' dir='ltr'>ad</span> <span class='ocrx_word' id='word_1_72' title='bbox 841 723 977 764; x_wconf 90' lang='lat' dir='ltr'>otium</span> <span class='ocrx_word' id='word_1_73' title='bbox 1011 723 1281 776; x_wconf 83' lang='lat' dir='ltr'>adscitusque</span> <span class='ocrx_word' id='word_1_74' title='bbox 1316 725 1465 775; x_wconf 88' lang='lat' dir='ltr'>postea</span> <span class='ocrx_word' id='word_1_75' title='bbox 1488 739 1520 761; x_wconf 79' lang='lat'>10</span> 
     </span>
     <span class='ocr_line' id='line_1_12' title="bbox 118 780 1495 836; baseline -0.002 -12"><span class='ocrx_word' id='word_1_76' title='bbox 118 784 163 824; x_wconf 85' lang='lat' dir='ltr'>in</span> <span class='ocrx_word' id='word_1_77' title='bbox 206 783 417 836; x_wconf 86' lang='lat' dir='ltr'>palatium</span> <span class='ocrx_word' id='word_1_78' title='bbox 455 798 621 836; x_wconf 83' lang='lat' dir='ltr'>semper</span> <span class='ocrx_word' id='word_1_79' title='bbox 659 782 827 824; x_wconf 86' lang='lat' dir='ltr'>sobrius</span> <span class='ocrx_word' id='word_1_80' title='bbox 867 785 909 823; x_wconf 88' lang='lat' dir='ltr'>et</span> <span class='ocrx_word' id='word_1_81' title='bbox 953 782 997 822; x_wconf 89' lang='lat' dir='ltr'>in</span> <span class='ocrx_word' id='word_1_82' title='bbox 1039 781 1189 835; x_wconf 88' lang='lat' dir='ltr'>primis</span> <span class='ocrx_word' id='word_1_83' title='bbox 1229 780 1495 831; x_wconf 55' lang='lat' dir='ltr'>consistens,</span> 
     </span>
     <span class='ocr_line' id='line_1_13' title="bbox 118 839 1467 895; baseline -0.003 -12"><span class='ocrx_word' id='word_1_84' title='bbox 118 843 181 883; x_wconf 88' lang='lat' dir='ltr'>ita</span> <span class='ocrx_word' id='word_1_85' title='bbox 219 842 345 883; x_wconf 87' lang='lat' dir='ltr'>fidem</span> <span class='ocrx_word' id='word_1_86' title='bbox 378 842 770 895; x_wconf 81' lang='lat' dir='ltr'>continentiamque</span> <span class='ocrx_word' id='word_1_87' title='bbox 812 841 992 882; x_wconf 83' lang='lat' dir='ltr'>uirtutes</span> <span class='ocrx_word' id='word_1_88' title='bbox 1033 840 1166 881; x_wconf 88' lang='lat' dir='ltr'>coluit</span> <span class='ocrx_word' id='word_1_89' title='bbox 1198 839 1381 893; x_wconf 85' lang='lat' dir='ltr'>amplas,</span> <span class='ocrx_word' id='word_1_90' title='bbox 1419 841 1467 879; x_wconf 91' lang='lat' dir='ltr'>ut</span> 
     </span>
     <span class='ocr_line' id='line_1_14' title="bbox 119 898 1467 954; baseline -0.003 -13"><span class='ocrx_word' id='word_1_91' title='bbox 119 915 195 942; x_wconf 91' lang='lat' dir='ltr'>nec</span> <span class='ocrx_word' id='word_1_92' title='bbox 226 901 465 954; x_wconf 81' lang='lat' dir='ltr'>prodidisse</span> <span class='ocrx_word' id='word_1_93' title='bbox 498 899 728 954; x_wconf 88' lang='lat' dir='ltr'>aliqnando</span> <span class='ocrx_word' id='word_1_94' title='bbox 762 914 974 950; x_wconf 87' lang='lat' dir='ltr'>arcanum,</span> <span class='ocrx_word' id='word_1_95' title='bbox 1009 898 1092 939; x_wconf 92' lang='lat' dir='ltr'>nisi</span> <span class='ocrx_word' id='word_1_96' title='bbox 1125 898 1306 939; x_wconf 87' lang='lat' dir='ltr'>tuendae</span> <span class='ocrx_word' id='word_1_97' title='bbox 1339 911 1467 938; x_wconf 87' lang='lat' dir='ltr'>causa</span> 
     </span>
     <span class='ocr_line' id='line_1_15' title="bbox 122 955 1467 1012; baseline -0.003 -12"><span class='ocrx_word' id='word_1_98' title='bbox 122 959 283 1000; x_wconf 88' lang='lat' dir='ltr'>alienae</span> <span class='ocrx_word' id='word_1_99' title='bbox 322 959 494 1012; x_wconf 80' lang='lat' dir='ltr'>salutis,</span> <span class='ocrx_word' id='word_1_100' title='bbox 537 973 613 999; x_wconf 86' lang='lat' dir='ltr'>nec</span> <span class='ocrx_word' id='word_1_101' title='bbox 654 959 861 1000; x_wconf 75' lang='lat' dir='ltr'>exarsisse</span> <span class='ocrx_word' id='word_1_102' title='bbox 901 957 1096 1011; x_wconf 88' lang='lat' dir='ltr'>cupidine</span> <span class='ocrx_word' id='word_1_103' title='bbox 1140 956 1236 1010; x_wconf 87' lang='lat' dir='ltr'>plus</span> <span class='ocrx_word' id='word_1_104' title='bbox 1280 955 1467 997; x_wconf 87' lang='lat' dir='ltr'>habendi</span> 
     </span>
     <span class='ocr_line' id='line_1_16' title="bbox 123 1013 1520 1068; baseline -0.004 -9"><span class='ocrx_word' id='word_1_105' title='bbox 123 1021 403 1059; x_wconf 86' lang='lat' dir='ltr'>arcesseretur</span> <span class='ocrx_word' id='word_1_106' title='bbox 436 1021 482 1058; x_wconf 90' lang='lat' dir='ltr'>nt</span> <span class='ocrx_word' id='word_1_107' title='bbox 516 1017 657 1060; x_wconf 85' lang='lat' dir='ltr'>ceteri.</span> <span class='ocrx_word' id='word_1_108' title='bbox 698 1018 734 1057; x_wconf 74' lang='lat'>7.</span> <span class='ocrx_word' id='word_1_109' title='bbox 767 1017 874 1057; x_wconf 89' lang='lat' dir='ltr'>unde</span> <span class='ocrx_word' id='word_1_110' title='bbox 906 1017 1068 1057; x_wconf 87' lang='lat' dir='ltr'>factum</span> <span class='ocrx_word' id='word_1_111' title='bbox 1101 1018 1177 1068; x_wconf 79' lang='lat' dir='ltr'>est,</span> <span class='ocrx_word' id='word_1_112' title='bbox 1209 1018 1256 1056; x_wconf 86' lang='lat' dir='ltr'>ut</span> <span class='ocrx_word' id='word_1_113' title='bbox 1288 1013 1467 1055; x_wconf 88' lang='lat' dir='ltr'>subinde</span> <span class='ocrx_word' id='word_1_114' title='bbox 1488 1028 1520 1054; x_wconf 76' lang='lat'>15</span> 
     </span>
     <span class='ocr_line' id='line_1_17' title="bbox 120 1074 1468 1130; baseline -0.003 -13"><span class='ocrx_word' id='word_1_115' title='bbox 120 1075 303 1117; x_wconf 82' lang='lat' dir='ltr'>Romam</span> <span class='ocrx_word' id='word_1_116' title='bbox 341 1077 537 1117; x_wconf 82' lang='lat' dir='ltr'>secedens</span> <span class='ocrx_word' id='word_1_117' title='bbox 583 1076 726 1130; x_wconf 87' lang='lat' dir='ltr'>ibique</span> <span class='ocrx_word' id='word_1_118' title='bbox 770 1076 854 1116; x_wconf 84' lang='lat' dir='ltr'>fixo</span> <span class='ocrx_word' id='word_1_119' title='bbox 894 1074 1112 1115; x_wconf 87' lang='lat' dir='ltr'>domicilio</span> <span class='ocrx_word' id='word_1_120' title='bbox 1151 1087 1468 1126; x_wconf 82' lang='lat' dir='ltr'>consenescens,</span> 
     </span>
     <span class='ocr_line' id='line_1_18' title="bbox 120 1132 1469 1176; baseline -0.003 0"><span class='ocrx_word' id='word_1_121' title='bbox 120 1135 320 1176; x_wconf 87' lang='lat' dir='ltr'>comitem</span> <span class='ocrx_word' id='word_1_122' title='bbox 358 1135 658 1176; x_wconf 82' lang='lat' dir='ltr'>circumferens</span> <span class='ocrx_word' id='word_1_123' title='bbox 698 1133 1004 1174; x_wconf 80' lang='lat' dir='ltr'>conscientiam</span> <span class='ocrx_word' id='word_1_124' title='bbox 1045 1133 1201 1174; x_wconf 86' lang='lat' dir='ltr'>bonam</span> <span class='ocrx_word' id='word_1_125' title='bbox 1239 1132 1406 1173; x_wconf 80' lang='lat' dir='ltr'>colatur</span> <span class='ocrx_word' id='word_1_126' title='bbox 1444 1146 1469 1172; x_wconf 92' lang='lat' dir='ltr'>a</span> 
     </span>
     <span class='ocr_line' id='line_1_19' title="bbox 121 1190 1467 1244; baseline -0.003 -10"><span class='ocrx_word' id='word_1_127' title='bbox 121 1194 282 1234; x_wconf 66' lang='lat' dir='ltr'>ermetis</span> <span class='ocrx_word' id='word_1_128' title='bbox 321 1193 541 1235; x_wconf 85' lang='lat' dir='ltr'>ordinibus</span> <span class='ocrx_word' id='word_1_129' title='bbox 587 1196 629 1234; x_wconf 85' lang='lat' dir='ltr'>et</span> <span class='ocrx_word' id='word_1_130' title='bbox 674 1196 856 1244; x_wconf 83' lang='lat' dir='ltr'>ametur,</span> <span class='ocrx_word' id='word_1_131' title='bbox 901 1206 996 1232; x_wconf 79' lang='lat' dir='ltr'>cum</span> <span class='ocrx_word' id='word_1_132' title='bbox 1035 1191 1202 1233; x_wconf 86' lang='lat' dir='ltr'>soleant</span> <span class='ocrx_word' id='word_1_133' title='bbox 1247 1190 1287 1231; x_wconf 89' lang='lat' dir='ltr'>id</span> <span class='ocrx_word' id='word_1_134' title='bbox 1333 1203 1467 1244; x_wconf 87' lang='lat' dir='ltr'>genus</span> 
     </span>
     <span class='ocr_line' id='line_1_20' title="bbox 120 1248 1468 1306; baseline -0.004 -12"><span class='ocrx_word' id='word_1_135' title='bbox 120 1252 314 1294; x_wconf 85' lang='lat' dir='ltr'>homines</span> <span class='ocrx_word' id='word_1_136' title='bbox 358 1255 457 1306; x_wconf 91' lang='lat' dir='ltr'>post</span> <span class='ocrx_word' id='word_1_137' title='bbox 499 1254 645 1306; x_wconf 85' lang='lat' dir='ltr'>partas</span> <span class='ocrx_word' id='word_1_138' title='bbox 691 1266 741 1292; x_wconf 88' lang='lat' dir='ltr'>ex</span> <span class='ocrx_word' id='word_1_139' title='bbox 786 1250 1015 1304; x_wconf 84' lang='lat' dir='ltr'>iniquitate</span> <span class='ocrx_word' id='word_1_140' title='bbox 1059 1249 1233 1291; x_wconf 87' lang='lat' dir='ltr'>diuitias</span> <span class='ocrx_word' id='word_1_141' title='bbox 1278 1248 1468 1290; x_wconf 86' lang='lat' dir='ltr'>latebras</span> 
     </span>
     <span class='ocr_line' id='line_1_21' title="bbox 122 1306 1522 1365; baseline -0.003 -14"><span class='ocrx_word' id='word_1_142' title='bbox 122 1314 292 1365; x_wconf 74' lang='lat' dir='ltr'>captare</span> <span class='ocrx_word' id='word_1_143' title='bbox 337 1313 539 1363; x_wconf 81' lang='lat' dir='ltr'>secretas,</span> <span class='ocrx_word' id='word_1_144' title='bbox 590 1314 638 1351; x_wconf 90' lang='lat' dir='ltr'>ut</span> <span class='ocrx_word' id='word_1_145' title='bbox 687 1309 901 1363; x_wconf 79' lang='lat' dir='ltr'>lucifugae</span> <span class='ocrx_word' id='word_1_146' title='bbox 947 1309 1134 1350; x_wconf 83' lang='lat' dir='ltr'>uitantes</span> <span class='ocrx_word' id='word_1_147' title='bbox 1179 1306 1468 1349; x_wconf 84' lang='lat' dir='ltr'>multitudinis</span> <span class='ocrx_word' id='word_1_148' title='bbox 1489 1322 1522 1347; x_wconf 70' lang='lat'>20</span> 
     </span>
     <span class='ocr_line' id='line_1_22' title="bbox 121 1366 1469 1423; baseline -0.004 -12"><span class='ocrx_word' id='word_1_149' title='bbox 121 1370 262 1411; x_wconf 85' lang='lat' dir='ltr'>laesae</span> <span class='ocrx_word' id='word_1_150' title='bbox 284 1373 547 1423; x_wconf 79' lang='lat' dir='ltr'>conspectus.</span> <span class='ocrx_word' id='word_1_151' title='bbox 581 1370 618 1410; x_wconf 72' lang='lat'>8.</span> <span class='ocrx_word' id='word_1_152' title='bbox 646 1369 712 1409; x_wconf 89' lang='lat' dir='ltr'>cui</span> <span class='ocrx_word' id='word_1_153' title='bbox 739 1368 974 1422; x_wconf 87' lang='lat' dir='ltr'>spadonum</span> <span class='ocrx_word' id='word_1_154' title='bbox 1006 1370 1198 1408; x_wconf 88' lang='lat' dir='ltr'>ueterum</span> <span class='ocrx_word' id='word_1_155' title='bbox 1230 1366 1340 1407; x_wconf 87' lang='lat' dir='ltr'>hunc</span> <span class='ocrx_word' id='word_1_156' title='bbox 1374 1379 1469 1406; x_wconf 86' lang='lat' dir='ltr'>con-</span> 
     </span>
     <span class='ocr_line' id='line_1_23' title="bbox 121 1424 1468 1482; baseline -0.004 -13"><span class='ocrx_word' id='word_1_157' title='bbox 121 1443 272 1482; x_wconf 87' lang='lat' dir='ltr'>parare</span> <span class='ocrx_word' id='word_1_158' title='bbox 317 1428 494 1469; x_wconf 87' lang='lat' dir='ltr'>debeam</span> <span class='ocrx_word' id='word_1_159' title='bbox 540 1427 820 1481; x_wconf 86' lang='lat' dir='ltr'>antiquitates</span> <span class='ocrx_word' id='word_1_160' title='bbox 858 1426 1104 1480; x_wconf 87' lang='lat' dir='ltr'>replicando</span> <span class='ocrx_word' id='word_1_161' title='bbox 1145 1425 1369 1478; x_wconf 83' lang='lat' dir='ltr'>conplures</span> <span class='ocrx_word' id='word_1_162' title='bbox 1408 1424 1468 1464; x_wconf 90' lang='lat' dir='ltr'>in-</span> 
     </span>
     <span class='ocr_line' id='line_1_24' title="bbox 124 1482 1469 1540; baseline -0.004 -12"><span class='ocrx_word' id='word_1_163' title='bbox 124 1487 268 1528; x_wconf 74' lang='lat' dir='ltr'>uenire</span> <span class='ocrx_word' id='word_1_164' title='bbox 307 1502 393 1528; x_wconf 91' lang='grc'><strong>11011</strong></span> <span class='ocrx_word' id='word_1_165' title='bbox 430 1487 564 1540; x_wconf 88' lang='lat' dir='ltr'>potui.</span> <span class='ocrx_word' id='word_1_166' title='bbox 632 1486 806 1527; x_wconf 85' lang='lat' dir='ltr'>fuerunt</span> <span class='ocrx_word' id='word_1_167' title='bbox 843 1485 956 1525; x_wconf 85' lang='lat' dir='ltr'>enim</span> <span class='ocrx_word' id='word_1_168' title='bbox 1001 1484 1113 1538; x_wconf 86' lang='lat' dir='ltr'>apud</span> <span class='ocrx_word' id='word_1_169' title='bbox 1157 1487 1322 1524; x_wconf 85' lang='lat' dir='ltr'>ueteres</span> <span class='ocrx_word' id='word_1_170' title='bbox 1368 1482 1469 1523; x_wconf 84' lang='lat' dir='ltr'>licet</span> 
     </span>
     <span class='ocr_line' id='line_1_25' title="bbox 125 1541 1470 1600; baseline -0.004 -13"><span class='ocrx_word' id='word_1_171' title='bbox 125 1546 281 1600; x_wconf 92' lang='lat' dir='ltr'>oppido</span> <span class='ocrx_word' id='word_1_172' title='bbox 321 1546 444 1599; x_wconf 83' lang='lat' dir='ltr'>pauci</span> <span class='ocrx_word' id='word_1_173' title='bbox 484 1545 630 1586; x_wconf 88' lang='lat' dir='ltr'>fideles</span> <span class='ocrx_word' id='word_1_174' title='bbox 669 1547 713 1586; x_wconf 85' lang='lat' dir='ltr'>et</span> <span class='ocrx_word' id='word_1_175' title='bbox 751 1544 866 1597; x_wconf 80' lang='lat' dir='ltr'>frugi</span> <span class='ocrx_word' id='word_1_176' title='bbox 906 1543 978 1585; x_wconf 87' lang='lat' dir='ltr'>sed</span> <span class='ocrx_word' id='word_1_177' title='bbox 1018 1544 1071 1584; x_wconf 92' lang='lat' dir='ltr'>ob</span> <span class='ocrx_word' id='word_1_178' title='bbox 1111 1542 1318 1596; x_wconf 87' lang='lat' dir='ltr'>quaedam</span> <span class='ocrx_word' id='word_1_179' title='bbox 1362 1541 1470 1583; x_wconf 85' lang='lat' dir='ltr'>uitia</span> 
     </span>
     <span class='ocr_line' id='line_1_26' title="bbox 124 1600 1523 1657; baseline -0.004 -12"><span class='ocrx_word' id='word_1_180' title='bbox 124 1605 343 1645; x_wconf 77' lang='lat' dir='ltr'>maculosi,</span> <span class='ocrx_word' id='word_1_181' title='bbox 407 1605 518 1645; x_wconf 85' lang='lat' dir='ltr'>inter</span> <span class='ocrx_word' id='word_1_182' title='bbox 550 1604 778 1657; x_wconf 87' lang='lat' dir='ltr'>praecipua</span> <span class='ocrx_word' id='word_1_183' title='bbox 810 1602 940 1654; x_wconf 78' lang='lat' dir='ltr'>enim,</span> <span class='ocrx_word' id='word_1_184' title='bbox 973 1617 1078 1656; x_wconf 88' lang='lat' dir='ltr'>quae</span> <span class='ocrx_word' id='word_1_185' title='bbox 1111 1615 1259 1641; x_wconf 90' lang='lat' dir='ltr'>eorum</span> <span class='ocrx_word' id='word_1_186' title='bbox 1291 1600 1469 1654; x_wconf 88' lang='lat' dir='ltr'>quisque</span> <span class='ocrx_word' id='word_1_187' title='bbox 1490 1614 1523 1640; x_wconf 77' lang='lat'>25</span> 
     </span>
     <span class='ocr_line' id='line_1_27' title="bbox 123 1658 1470 1716; baseline -0.003 -13"><span class='ocrx_word' id='word_1_188' title='bbox 123 1663 265 1705; x_wconf 86' lang='lat' dir='ltr'>studio</span> <span class='ocrx_word' id='word_1_189' title='bbox 297 1663 546 1716; x_wconf 86' lang='lat' dir='ltr'>possederat</span> <span class='ocrx_word' id='word_1_190' title='bbox 579 1662 646 1704; x_wconf 88' lang='lat' dir='ltr'>uel</span> <span class='ocrx_word' id='word_1_191' title='bbox 686 1661 877 1715; x_wconf 80' lang='lat' dir='ltr'>ingenio,</span> <span class='ocrx_word' id='word_1_192' title='bbox 916 1663 989 1702; x_wconf 91' lang='lat' dir='ltr'>aut</span> <span class='ocrx_word' id='word_1_193' title='bbox 1020 1675 1152 1713; x_wconf 85' lang='lat' dir='ltr'>rapax</span> <span class='ocrx_word' id='word_1_194' title='bbox 1185 1663 1259 1700; x_wconf 84' lang='lat' dir='ltr'>aut</span> <span class='ocrx_word' id='word_1_195' title='bbox 1298 1658 1470 1700; x_wconf 86' lang='lat' dir='ltr'>feritate</span> 
     </span>
     <span class='ocr_line' id='line_1_28' title="bbox 124 1717 1471 1774; baseline -0.004 -11"><span class='ocrx_word' id='word_1_196' title='bbox 124 1722 382 1763; x_wconf 86' lang='lat' dir='ltr'>contemtior</span> <span class='ocrx_word' id='word_1_197' title='bbox 402 1721 484 1762; x_wconf 87' lang='lat' dir='ltr'>fuit</span> <span class='ocrx_word' id='word_1_198' title='bbox 511 1725 583 1762; x_wconf 88' lang='lat' dir='ltr'>aut</span> <span class='ocrx_word' id='word_1_199' title='bbox 611 1720 861 1774; x_wconf 82' lang='lat' dir='ltr'>propensior</span> <span class='ocrx_word' id='word_1_200' title='bbox 882 1719 934 1760; x_wconf 87' lang='lat' dir='ltr'>ad</span> <span class='ocrx_word' id='word_1_201' title='bbox 961 1718 1226 1771; x_wconf 85' lang='lat' dir='ltr'>laedendum,</span> <span class='ocrx_word' id='word_1_202' title='bbox 1258 1717 1325 1759; x_wconf 87' lang='lat' dir='ltr'>uel</span> <span class='ocrx_word' id='word_1_203' title='bbox 1346 1717 1471 1758; x_wconf 85' lang='lat' dir='ltr'>clien-</span> 
     </span>
     <span class='ocr_line' id='line_1_29' title="bbox 123 1775 1471 1832; baseline -0.004 -11"><span class='ocrx_word' id='word_1_204' title='bbox 123 1780 239 1822; x_wconf 88' lang='lat' dir='ltr'>tibus</span> <span class='ocrx_word' id='word_1_205' title='bbox 272 1780 452 1821; x_wconf 88' lang='lat' dir='ltr'>nimium</span> <span class='ocrx_word' id='word_1_206' title='bbox 485 1780 683 1832; x_wconf 81' lang='lat' dir='ltr'>blandus,</span> <span class='ocrx_word' id='word_1_207' title='bbox 721 1782 795 1820; x_wconf 89' lang='lat' dir='ltr'>aut</span> <span class='ocrx_word' id='word_1_208' title='bbox 832 1778 1051 1832; x_wconf 86' lang='lat' dir='ltr'>potentiae</span> <span class='ocrx_word' id='word_1_209' title='bbox 1083 1778 1198 1818; x_wconf 87' lang='lat' dir='ltr'>fastu</span> <span class='ocrx_word' id='word_1_210' title='bbox 1230 1775 1471 1830; x_wconf 86' lang='lat' dir='ltr'>superbior:</span> 
     </span>
     <span class='ocr_line' id='line_1_30' title="bbox 126 1834 1471 1890; baseline -0.004 -10"><span class='ocrx_word' id='word_1_211' title='bbox 126 1853 176 1880; x_wconf 82' lang='lat' dir='ltr'>ex</span> <span class='ocrx_word' id='word_1_212' title='bbox 209 1839 326 1880; x_wconf 87' lang='lat' dir='ltr'>omni</span> <span class='ocrx_word' id='word_1_213' title='bbox 357 1839 491 1880; x_wconf 86' lang='lat' dir='ltr'>latere</span> <span class='ocrx_word' id='word_1_214' title='bbox 524 1842 666 1880; x_wconf 86' lang='lat' dir='ltr'>autem</span> <span class='ocrx_word' id='word_1_215' title='bbox 698 1838 760 1879; x_wconf 88' lang='lat' dir='ltr'>ita</span> <span class='ocrx_word' id='word_1_216' title='bbox 793 1838 1026 1890; x_wconf 69' lang='lat' dir='ltr'>1wrfectum</span> <span class='ocrx_word' id='word_1_217' title='bbox 1060 1850 1193 1890; x_wconf 85' lang='lat' dir='ltr'>neque</span> <span class='ocrx_word' id='word_1_218' title='bbox 1227 1834 1384 1889; x_wconf 83' lang='lat' dir='ltr'>legisse</span> <span class='ocrx_word' id='word_1_219' title='bbox 1404 1848 1471 1875; x_wconf 88' lang='lat' dir='ltr'>me</span> 
     </span>
     <span class='ocr_line' id='line_1_31' title="bbox 125 1893 1526 1951; baseline -0.003 -14"><span class='ocrx_word' id='word_1_220' title='bbox 125 1911 261 1951; x_wconf 87' lang='lat' dir='ltr'>neque</span> <span class='ocrx_word' id='word_1_221' title='bbox 293 1897 460 1939; x_wconf 86' lang='lat' dir='ltr'>audisse</span> <span class='ocrx_word' id='word_1_222' title='bbox 492 1898 709 1950; x_wconf 75' lang='lat' dir='ltr'>confiteor,</span> <span class='ocrx_word' id='word_1_223' title='bbox 741 1896 896 1937; x_wconf 85' lang='lat' dir='ltr'>aetatis</span> <span class='ocrx_word' id='word_1_224' title='bbox 929 1899 1100 1936; x_wconf 85' lang='lat' dir='ltr'>nostrae</span> <span class='ocrx_word' id='word_1_225' title='bbox 1132 1893 1381 1935; x_wconf 88' lang='lat' dir='ltr'>testimonio</span> <span class='ocrx_word' id='word_1_226' title='bbox 1412 1893 1472 1934; x_wconf 88' lang='lat' dir='ltr'>lo·</span> <span class='ocrx_word' id='word_1_227' title='bbox 1491 1907 1526 1933; x_wconf 80' lang='lat'>80</span> 
     </span>
     <span class='ocr_line' id='line_1_32' title="bbox 127 1951 1472 2009; baseline -0.003 -13"><span class='ocrx_word' id='word_1_228' title='bbox 127 1956 286 2009; x_wconf 88' lang='lat' dir='ltr'>cupleti</span> <span class='ocrx_word' id='word_1_229' title='bbox 319 1957 514 1997; x_wconf 80' lang='lat' dir='ltr'>confisus,</span> <span class='ocrx_word' id='word_1_230' title='bbox 546 1956 585 1997; x_wconf 75' lang='lat'>9.</span> <span class='ocrx_word' id='word_1_231' title='bbox 612 1969 759 1997; x_wconf 87' lang='lat' dir='ltr'>uerum</span> <span class='ocrx_word' id='word_1_232' title='bbox 792 1954 828 1995; x_wconf 87' lang='lat' dir='ltr'>si</span> <span class='ocrx_word' id='word_1_233' title='bbox 861 1954 971 1995; x_wconf 88' lang='lat' dir='ltr'>forte</span> <span class='ocrx_word' id='word_1_234' title='bbox 992 1953 1265 2007; x_wconf 82' lang='lat' dir='ltr'>scrupulosus</span> <span class='ocrx_word' id='word_1_235' title='bbox 1299 1951 1472 2006; x_wconf 87' lang='lat' dir='ltr'>quidam</span> 
     </span>
     <span class='ocr_line' id='line_1_33' title="bbox 127 2009 1472 2068; baseline -0.003 -14"><span class='ocrx_word' id='word_1_236' title='bbox 127 2015 263 2056; x_wconf 89' lang='lat' dir='ltr'>lector</span> <span class='ocrx_word' id='word_1_237' title='bbox 307 2015 615 2068; x_wconf 84' lang='lat' dir='ltr'>antiquitatum</span> <span class='ocrx_word' id='word_1_238' title='bbox 654 2012 950 2067; x_wconf 85' lang='lat' dir='ltr'>Menophilum</span> <span class='ocrx_word' id='word_1_239' title='bbox 992 2010 1258 2054; x_wconf 86' lang='lat' dir='ltr'>Mithridatis</span> <span class='ocrx_word' id='word_1_240' title='bbox 1302 2009 1472 2052; x_wconf 87' lang='lat' dir='ltr'>Pontici</span> 
     </span>
    </p>
   </div>
   <div class='ocr_carea' id='block_1_3' title="bbox 117 102 967 148">
    <p class='ocr_par' dir='ltr' id='par_1_3' title="bbox 117 102 967 148">
     <span class='ocr_line' id='line_1_34' title="bbox 117 102 967 148; baseline -0.002 -9"><span class='ocrx_word' id='word_1_241' title='bbox 117 105 171 148; x_wconf 87' lang='lat'>86</span> <span class='ocrx_word' id='word_1_242' title='bbox 610 102 967 146; x_wconf 49' lang='lat' dir='ltr'>xvima-as</span> 
     </span>
    </p>
   </div>
   <div class='ocr_carea' id='block_1_4' title="bbox 129 2107 236 2113">
    <p class='ocr_par' dir='ltr' id='par_1_4' title="bbox 129 2107 236 2113">
     <span class='ocr_line' id='line_1_35' title="bbox 129 2107 236 2113; baseline 0 0"><span class='ocrx_word' id='word_1_243' title='bbox 129 2107 236 2113; x_wconf 95' lang='lat' dir='ltr'> </span> 
     </span>
    </p>
   </div>
   <div class='ocr_carea' id='block_1_5' title="bbox 128 2151 1474 2425">
    <p class='ocr_par' dir='ltr' id='par_1_5' title="bbox 128 2151 1474 2425">
     <span class='ocr_line' id='line_1_36' title="bbox 220 2151 1472 2202; baseline -0.002 -12"><span class='ocrx_word' id='word_1_244' title='bbox 220 2157 265 2191; x_wconf 77' lang='lat'>⁸¹2</span> <span class='ocrx_word' id='word_1_245' title='bbox 284 2157 464 2192; x_wconf 74' lang='lat' dir='ltr'>eruditius</span> <span class='ocrx_word' id='word_1_246' title='bbox 490 2158 520 2191; x_wconf 67' lang='lat'>1⁷</span> <span class='ocrx_word' id='word_1_247' title='bbox 564 2162 584 2192; x_wconf 74' lang='lat'>4</span> <span class='ocrx_word' id='word_1_248' title='bbox 602 2158 732 2202; x_wconf 73' lang='lat' dir='ltr'>bigens</span> <span class='ocrx_word' id='word_1_249' title='bbox 756 2157 821 2191; x_wconf 69' lang='grc' dir='ltr'>ΓΡ</span> <span class='ocrx_word' id='word_1_250' title='bbox 867 2160 886 2190; x_wconf 81' lang='grc'><strong>6</strong></span> <span class='ocrx_word' id='word_1_251' title='bbox 905 2154 1033 2189; x_wconf 88' lang='lat' dir='ltr'>adulto</span> <span class='ocrx_word' id='word_1_252' title='bbox 1051 2154 1131 2198; x_wconf 84' lang='lat' dir='ltr'>[lac.</span> <span class='ocrx_word' id='word_1_253' title='bbox 1144 2156 1187 2188; x_wconf 76' lang='lat'>14</span> <span class='ocrx_word' id='word_1_254' title='bbox 1204 2154 1287 2198; x_wconf 55' lang='lat' dir='ltr'>lita]</span> <span class='ocrx_word' id='word_1_255' title='bbox 1305 2151 1396 2187; x_wconf 89' lang='lat' dir='ltr'>Tam</span> <span class='ocrx_word' id='word_1_256' title='bbox 1426 2164 1472 2187; x_wconf 89' lang='lat' dir='ltr'>ue</span> 
     </span>
     <span class='ocr_line' id='line_1_37' title="bbox 133 2198 1473 2242; baseline -0.002 -7"><span class='ocrx_word' id='word_1_257' title='bbox 133 2200 202 2235; x_wconf 86' lang='lat' dir='ltr'>VP</span> <span class='ocrx_word' id='word_1_258' title='bbox 226 2202 433 2236; x_wconf 76' lang='lat' dir='ltr'>emcndauit</span> <span class='ocrx_word' id='word_1_259' title='bbox 464 2203 630 2237; x_wconf 66' lang='lat' dir='ltr'>Valesius·</span> <span class='ocrx_word' id='word_1_260' title='bbox 654 2202 782 2236; x_wconf 84' lang='lat' dir='ltr'>adulto</span> <span class='ocrx_word' id='word_1_261' title='bbox 807 2213 822 2234; x_wconf 83' lang='lat' dir='ltr'>s</span> <span class='ocrx_word' id='word_1_262' title='bbox 837 2200 1009 2236; x_wconf 63' lang='lat' dir='ltr'>metasset</span> <span class='ocrx_word' id='word_1_263' title='bbox 1037 2198 1217 2242; x_wconf 83' lang='lat' dir='ltr'>pluraque</span> <span class='ocrx_word' id='word_1_264' title='bbox 1242 2200 1381 2241; x_wconf 69' lang='lat' dir='ltr'>tanqua</span> <span class='ocrx_word' id='word_1_265' title='bbox 1427 2208 1473 2242; x_wconf 73' lang='lat' dir='ltr'>qa</span> 
     </span>
     <span class='ocr_line' id='line_1_38' title="bbox 131 2241 1473 2289; baseline -0.004 -9"><span class='ocrx_word' id='word_1_266' title='bbox 131 2249 171 2280; x_wconf 84' lang='lat'>11</span> <span class='ocrx_word' id='word_1_267' title='bbox 198 2248 368 2280; x_wconf 82' lang='lat' dir='ltr'>constans</span> <span class='ocrx_word' id='word_1_268' title='bbox 394 2247 556 2281; x_wconf 73' lang='lat' dir='ltr'>Valesius</span> <span class='ocrx_word' id='word_1_269' title='bbox 614 2252 650 2280; x_wconf 68' lang='lat'>‘21</span> <span class='ocrx_word' id='word_1_270' title='bbox 682 2247 802 2280; x_wconf 79' lang='lat' dir='ltr'>laesae</span> <span class='ocrx_word' id='word_1_271' title='bbox 841 2256 887 2289; x_wconf 65' lang='grc' dir='ltr'>(ια.</span> <span class='ocrx_word' id='word_1_272' title='bbox 911 2244 1014 2278; x_wconf 83' lang='lat' dir='ltr'>laesu</span> <span class='ocrx_word' id='word_1_273' title='bbox 1037 2243 1103 2277; x_wconf 74' lang='lat'>1⁷1²</span> <span class='ocrx_word' id='word_1_274' title='bbox 1161 2246 1202 2277; x_wconf 81' lang='lat'>22</span> <span class='ocrx_word' id='word_1_275' title='bbox 1228 2241 1306 2276; x_wconf 81' lang='lat' dir='ltr'>anti</span> <span class='ocrx_word' id='word_1_276' title='bbox 1335 2242 1473 2276; x_wconf 79' lang='lat' dir='ltr'>uitates</span> 
     </span>
     <span class='ocr_line' id='line_1_39' title="bbox 128 2285 1472 2335; baseline -0.004 -10"><span class='ocrx_word' id='word_1_277' title='bbox 128 2290 262 2335; x_wconf 77' lang='lat' dir='ltr'>scripsi</span> <span class='ocrx_word' id='word_1_278' title='bbox 291 2291 554 2335; x_wconf 84' lang='lat' dir='ltr'>antiquitatem</span> <span class='ocrx_word' id='word_1_279' title='bbox 580 2291 680 2326; x_wconf 76' lang='lat' dir='ltr'>codd.</span> <span class='ocrx_word' id='word_1_280' title='bbox 776 2295 817 2324; x_wconf 71' lang='lat'>2²4</span> <span class='ocrx_word' id='word_1_281' title='bbox 842 2290 898 2324; x_wconf 88' lang='lat' dir='ltr'>fru</span> <span class='ocrx_word' id='word_1_282' title='bbox 929 2300 967 2323; x_wconf 87' lang='lat' dir='ltr'>es</span> <span class='ocrx_word' id='word_1_283' title='bbox 992 2289 1032 2322; x_wconf 86' lang='lat' dir='ltr'>et</span> <span class='ocrx_word' id='word_1_284' title='bbox 1060 2287 1092 2320; x_wconf 71' lang='grc' dir='ltr'>Γ</span> <span class='ocrx_word' id='word_1_285' title='bbox 1114 2287 1170 2321; x_wconf 84' lang='lat' dir='ltr'>fru</span> <span class='ocrx_word' id='word_1_286' title='bbox 1199 2287 1211 2321; x_wconf 90' lang='lat' dir='ltr'>i</span> <span class='ocrx_word' id='word_1_287' title='bbox 1237 2288 1275 2322; x_wconf 87' lang='lat' dir='ltr'>et</span> <span class='ocrx_word' id='word_1_288' title='bbox 1358 2285 1472 2332; x_wconf 81' lang='lat' dir='ltr'>frugi-</span> 
     </span>
     <span class='ocr_line' id='line_1_40' title="bbox 129 2329 1474 2389; baseline -0.003 -20"><span class='ocrx_word' id='word_1_289' title='bbox 129 2335 200 2385; x_wconf 71' lang='lat' dir='ltr'>feri</span> <span class='ocrx_word' id='word_1_290' title='bbox 224 2336 267 2389; x_wconf 70' lang='grc' dir='ltr'>ὁρ</span> <span class='ocrx_word' id='word_1_291' title='bbox 312 2340 355 2371; x_wconf 75' lang='lat'>27</span> <span class='ocrx_word' id='word_1_292' title='bbox 380 2336 577 2371; x_wconf 83' lang='lat' dir='ltr'>clientibus</span> <span class='ocrx_word' id='word_1_293' title='bbox 604 2336 766 2370; x_wconf 69' lang='lat' dir='ltr'>Valesius</span> <span class='ocrx_word' id='word_1_294' title='bbox 796 2335 896 2379; x_wconf 78' lang='lat' dir='ltr'>ligen</span> <span class='ocrx_word' id='word_1_295' title='bbox 925 2333 1019 2367; x_wconf 81' lang='lat' dir='ltr'>imus</span> <span class='ocrx_word' id='word_1_296' title='bbox 1043 2332 1153 2367; x_wconf 80' lang='lat' dir='ltr'>VPba</span> <span class='ocrx_word' id='word_1_297' title='bbox 1203 2329 1421 2376; x_wconf 74' lang='lat' dir='ltr'>uigentibus</span> <span class='ocrx_word' id='word_1_298' title='bbox 1440 2330 1474 2366; x_wconf 77' lang='lat' dir='ltr'><em>G</em></span> 
     </span>
     <span class='ocr_line' id='line_1_41' title="bbox 128 2375 1314 2425; baseline -0.003 -11"><span class='ocrx_word' id='word_1_299' title='bbox 128 2379 326 2416; x_wconf 73' lang='lat' dir='ltr'>beantibus</span> <span class='ocrx_word' id='word_1_300' title='bbox 353 2380 480 2425; x_wconf 77' lang='lat' dir='ltr'>Haupt</span> <span class='ocrx_word' id='word_1_301' title='bbox 574 2385 616 2415; x_wconf 74' lang='lat'>2⁴.)</span> <span class='ocrx_word' id='word_1_302' title='bbox 641 2380 847 2425; x_wconf 81' lang='lat' dir='ltr'>perfectum</span> <span class='ocrx_word' id='word_1_303' title='bbox 871 2377 1002 2422; x_wconf 76' lang='lat' dir='ltr'>scripsi</span> <span class='ocrx_word' id='word_1_304' title='bbox 1025 2376 1188 2421; x_wconf 88' lang='lat' dir='ltr'>peritum</span> <span class='ocrx_word' id='word_1_305' title='bbox 1212 2375 1314 2412; x_wconf 85' lang='lat' dir='ltr'>codd.</span> 
     </span>
    </p>
   </div>
  </div>
 </body>
</html>
