1573 2508
135 80 215 121 106
668 85 752 121 XVI
778 91 830 131 12,
855 91 990 125 42—52
1520 0 1573 122 'i

131 173 326 217 imitatus
371 178 492 219 salua
529 178 769 222 differentia
807 186 996 226 ueterem
1036 184 1221 241 Syllam,
1267 189 1339 244 qui
1383 204 1480 233 cum

131 235 282 275 contra
314 234 573 278 Archelaum
605 237 873 283 Mithridatis
906 242 1055 286 ducem
1075 246 1227 288 educta
1247 247 1336 290 acie
1355 263 1478 304 proe-

130 290 188 332 lio
233 292 501 347 fatigabatur
544 297 729 352 ardenti,
774 299 950 342 relictus
996 317 1021 344 a
1059 304 1272 348 militibus
1311 309 1476 351 cunctis

129 351 316 392 cucurrit
365 352 410 394 in
458 354 651 397 ordinem
702 357 887 410 primum
937 364 1146 417 raptoque
1191 367 1234 406 et
1283 366 1475 410 coniecto

127 409 287 449 uexillo
320 410 366 451 in
396 415 563 465 partem
595 414 799 458 hostilem
831 418 924 459 ‘ite'
958 419 1126 463 dixerat
1157 421 1281 464 ‘socii
1314 425 1475 479 pericu·
1494 439 1510 465 5

128 466 267 508 lorum
300 468 427 511 electi
459 475 501 512 et
534 473 790 516 scitantibus
824 477 896 518 ubi
928 478 1104 521 relictus
1127 481 1208 522 sim
1228 482 1475 539 imperator,

126 527 378 579 respondete
411 529 520 570 nihil
554 531 772 574 fallentes:
806 535 921 577 solus
955 537 998 578 in
1025 537 1207 581 Boeotia
1237 555 1314 594 pro
1342 543 1475 585 omm‘-

125 583 204 625 bus
236 586 362 627 nobis
395 602 489 629 cum
522 589 744 644 dispendio
777 595 999 648 sanguinis
1033 598 1098 639 sui
1131 598 1389 642 decernens'.

242 645 310 685 42.
337 645 520 688 Proinde
542 648 773 692 Alamanni
806 652 940 706 pulsis
962 654 1235 712 disiectisque
1256 659 1472 713 equitibus

123 703 283 743 nostris
321 704 506 757 primam
543 708 678 749 aciem
717 710 906 763 peditum
946 713 1229 769 incesserunt,
1268 731 1361 759 cam
1401 718 1471 760 ab·
1493 734 1524 759 10

122 759 233 801 iecta
263 763 492 805 resistendi
525 766 799 810 animositate
832 770 1007 823 pulsuri.
1046 774 1114 815 43.
1136 775 1209 816 sed
1239 780 1470 832 postquam

122 820 358 862 comminus
402 826 579 865 uentum
623 829 704 880 est,
748 829 1020 881 pugnabatur
1061 832 1234 885 paribus
1274 835 1346 877 diu
1382 849 1470 878 mo-

120 878 289 919 mentis.
352 878 530 923 Oornuti
569 885 682 925 enim
722 890 764 926 et
803 887 1048 931 Bracchiati
1086 905 1165 933 usu
1202 894 1468 946 proeliorum

119 934 320 979 diuturno
370 939 530 982 firmati
575 957 646 984 eos
698 945 783 985 iam
828 950 952 1000 gestu
998 952 1209 992 terrentes
1255 952 1467 996 barritum

118 993 228 1035 ciere
261 996 329 1037 uel
363 1000 612 1042 maximum:
646 1003 719 1056 qui
751 1004 913 1047 clamor
944 1007 1039 1060 ipso
1072 1007 1239 1051 feruore
1273 1013 1467 1055 certami-
1488 1025 1520 1051 15

117 1066 219 1094 num
252 1069 276 1095 a
307 1057 426 1098 tenui
459 1074 631 1101 susurro
664 1063 860 1105 exoriens
892 1065 1185 1122 paulatimque
1218 1069 1465 1114 adulescens

115 1110 202 1152 ritu
235 1114 458 1157 extollitur
490 1117 693 1160 fluctuum
721 1123 916 1164 cautibus
950 1123 1194 1168 inlisorum:
1227 1128 1464 1172 iaculorum

115 1168 266 1212 deinde
299 1173 573 1217 stridentium
605 1179 836 1221 crebritate
869 1181 967 1223 hinc
1004 1183 1184 1239 indeque
1207 1187 1463 1231 conuolante

113 1229 256 1281 puluis
289 1233 459 1286 aequali
492 1239 610 1277 motu
643 1237 877 1293 adsurgens
908 1243 951 1282 et
982 1246 1256 1297 prospectum
1277 1246 1462 1301 eripiens

114 1301 234 1329 arma
266 1291 397 1332 armis
419 1306 683 1349 corporaque
716 1299 966 1351 corporibus
999 1301 1268 1346 obtrudebat.
1299 1305 1368 1346 44.
1389 1306 1462 1348 sed
1481 1320 1514 1345 20

113 1345 321 1389 uiolentia
341 1350 488 1404 iraque
508 1352 768 1408 inconpositi
802 1357 973 1399 barbari
1007 1360 1051 1401 in
1071 1361 1243 1403 modum
1265 1378 1460 1407 exarsere

112 1404 382 1449 flammarum
419 1424 655 1466 nexamque
694 1418 913 1457 scutorum
948 1432 1202 1474 conpagem,
1242 1437 1348 1477 quae
1387 1439 1460 1466 no-

111 1466 224 1505 stros
245 1465 289 1506 in
310 1467 481 1509 modum
514 1472 741 1514 testudinis
775 1475 987 1529 tuebatur,
1019 1478 1270 1521 scindebant
1302 1481 1457 1525 ictibus

110 1522 355 1575 gladiorum
376 1527 575 1570 adsiduis.
608 1531 675 1573 45.
698 1547 780 1587 quo
803 1535 975 1588 cognito
998 1536 1257 1590 opitulatum
1290 1544 1457 1583 contur-

109 1582 295 1624 malibus
329 1586 415 1627 suis
449 1588 576 1630 celeri
615 1605 739 1632 cursu
774 1592 926 1635 Bataui
970 1609 1122 1637 uenere
1155 1612 1249 1640 cum
1282 1600 1455 1655 regibus
1476 1614 1510 1639 25

108 1664 164 1670 —-
197 1642 482 1688 formidabilis
515 1662 685 1705 manus,
719 1655 934 1698 extremae
967 1656 1237 1700 necessitatis
1271 1659 1454 1702 articulo

103 1700 433 1761 circumuentos,
466 1709 501 1751 si
535 1710 715 1753 iuuisset
747 1713 846 1764 fors,
881 1719 1079 1770 ereptura
1113 1742 1167 1747 ——
1199 1720 1453 1774 toruumque

104 1766 357 1808 canentibus
373 1767 563 1810 classicis
579 1771 737 1812 adultis
755 1773 916 1815 uiribus
932 1776 1189 1818 certabatur.
1215 1777 1282 1819 46.
1305 1792 1453 1819 uerum

103 1823 336 1866 Alamanni
382 1826 495 1869 bella
535 1829 736 1872 alacriter
780 1832 974 1874 ineuntes
1021 1834 1150 1876 altius
1190 1835 1480 1893 anhelabant!

103 1882 222 1924 uelut
255 1885 437 1938 quodam
472 1886 628 1929 furoris
663 1889 831 1931 adfectu
864 1893 1066 1946 opposita
1091 1894 1234 1935 omnia
1254 1894 1451 1937 deleturi.
1470 1907 1504 1934 ³0

102 1941 267 1994 spicula
305 1947 451 1986 tamen
483 1950 740 2002 uerrutaque
774 1949 957 1992 missilia
988 1966 1075 1993 non
1107 1953 1333 1995 cessabant
1370 1953 1451 1995 fer-

101 2003 304 2055 rataeque
325 2003 553 2046 arundines
574 2005 875 2061 fundebantur,
908 2024 1167 2065 quamquam
1187 2011 1319 2053 etiam
1339 2026 1450 2054 com·

102 2058 242 2099 minus
287 2075 432 2102 mucro
484 2064 666 2106 feriebat
717 2070 866 2108 contra
910 2082 1153 2110 mucronem
1199 2074 1241 2111 et
1291 2070 1449 2112 loricae

197 2189 207 2218 ι
236 2186 369 2228 syllam
400 2189 452 2222 sic
497 2189 592 2234 νόθα
695 2195 734 2225 14
770 2196 855 2227 ante
891 2203 952 2228 eos
989 2194 1145 2230 inseruit
1183 2195 1374 2246 excipiunt
1414 2196 1448 2230 G

102 2229 210 2271 gestu
236 2231 418 2266 terrentes
451 2232 561 2268 VI'ba
585 2235 835 2279 gesturientcs
854 2238 887 2271 (τ’
913 2239 1091 2273 uarritum
1117 2239 1148 2274 V
1190 2243 1234 2275 20
1257 2240 1376 2291 antus
1398 2239 1448 2275 V¹

99 2273 211 2306 armis
242 2273 403 2320 V’Pbya
496 2283 537 2313 ‘33
568 2278 798 2323 testitudinis
837 2281 868 2316 V
956 2283 1022 2318 ⁸27
1051 2283 1208 2319 iuuisset
1239 2284 1310 2336 qA
1337 2284 1446 2319 rubus

101 2318 159 2351 set
188 2317 220 2352 V
239 2319 336 2353 iulus
361 2322 418 2356 set
441 2323 477 2355 1>
500 2322 566 2360 lac.
592 2327 613 2358 8
637 2326 707 2360 litt.
731 2324 767 2360 R
859 2330 902 2362 29
927 2327 1101 2371 alacriter
1130 2327 1163 2363 V
1185 2329 1320 2364 acriter
1343 2329 1446 2375 Pbya

97 2365 142 2395 32
167 2363 280 2398 etiam
309 2364 343 2399 G
367 2366 465 2401 enim
497 2366 607 2404 Vl’ba

1564 476 1565 481 Α
1561 410 1568 442 ..ν
1564 392 1566 395 «
1557 234 1568 374 ,ρῳ-η»,ᾼ
1560 199 1566 213 -‹
1559 126 1573 180 ἡνα-
