1614 2549
658 79 891 115 IVLIANVS
916 84 981 115 363
1402 78 1486 120 325

141 176 214 230 qui
255 175 550 229 magnitudine
592 189 798 229 aquarum
838 175 1013 216 inflatus
1053 187 1228 228 seseque
1260 174 1485 216 resorbens

139 248 371 288 numquam
404 235 525 274 extra
555 234 770 288 margines
803 233 1062 274 intumescit.

257 316 324 357 20.
356 315 478 356 Intra
517 315 629 357 hunc
670 315 895 356 circuitum
927 315 1150 356 Adiabena
1187 317 1264 368 est,
1303 314 1488 368 Assyria

139 375 290 429 priscis
332 374 598 428 temporibus
640 374 832 415 uocitata
871 374 1088 428 longaque
1122 373 1400 414 adsuetudine
1432 373 1485 414 ad

104 454 120 480 5
140 434 221 475 hoc
264 433 477 474 translata
514 432 771 474 uocabulum
810 447 859 473 ea
895 446 940 473 re
974 432 1086 486 quod
1123 432 1236 473 inter
1268 430 1406 472 Onam
1445 435 1488 473 et

141 492 360 546 Tigridem
399 492 483 532 sita
514 492 745 545 nauigeros
784 491 938 532 fluuios
972 490 1080 531 adiri
1111 491 1221 532 uado
1253 505 1488 544 numquam

139 550 299 604 potuit:
331 551 518 591 transire
540 550 651 590 enim
673 550 921 602 διαβαίνειν
940 548 1119 590 dicimus
1142 548 1305 590 Graeci.
1355 549 1424 590 21.
1445 551 1488 591 et

139 612 307 650 ueteres
349 609 521 663 quidem
562 608 643 650 hoc
685 608 964 649 arbitrantur.
1025 622 1103 649 nos
1135 610 1281 648 autem
1313 607 1356 648 id
1387 607 1487 648 dici-

140 682 235 709 mus
268 667 379 721 quod
410 667 455 707 in
484 667 552 707 his
584 667 710 708 terris
733 681 879 708 amnes
902 669 1002 708 sunt
1024 667 1107 708 duo
1139 666 1348 720 perpetui,
1381 680 1487 720 quos

87 748 120 771 10
140 726 223 779 ipsi
254 726 549 779 transiuimus,
580 726 742 767 Diabas
776 728 819 766 et
848 725 1039 766 Adiabas
1071 725 1228 766 iunctis
1260 725 1488 766 naualibus

140 784 358 838 pontibus,
389 784 569 838 ideoque
607 784 806 838 intellegi
837 784 1107 825 Adiabenam
1139 783 1488 837 cognominatam

139 847 188 884 ut
221 858 245 884 a
276 843 523 884 fluminibus
557 843 755 884 maximis
776 843 998 897 Aegyptos
1030 841 1219 883 Homero
1253 844 1425 883 auctore
1446 844 1489 882 et

140 901 263 942 India
304 904 346 942 et
376 901 689 956 Euphratensis
732 904 830 942 ante
867 901 948 942 hoc
981 899 1282 954 Commagena,
1322 900 1489 941 itidem-

143 975 223 1026 que
244 959 423 1001 Hiberia
445 975 494 1001 ex
514 960 689 1013 Hibero,
719 974 830 1001 nunc
851 959 1074 1013 Hispania
1107 962 1149 1000 et
1176 974 1201 999 a
1219 958 1342 1000 Baeti
1365 973 1488 1000 amne

90 1041 122 1064 15
142 1019 302 1073 insigni
335 1019 557 1072 prouincia
589 1018 776 1060 Baetica.

201 1138 219 1160 ⁸
259 1100 411 1142 §22111
441 1100 521 1141 hac
541 1100 766 1141 Adiabena
784 1099 924 1141 Ninus
948 1103 1013 1141 est
1045 1099 1211 1153 ciuitas,
1243 1114 1350 1153 quae
1383 1099 1489 1140 olim

141 1159 330 1201 Persidis
374 1173 508 1213 regna
549 1160 812 1213 possederat,
855 1173 1011 1200 nomen
1053 1157 1158 1199 Nini
1198 1158 1490 1211 potentissimi

143 1218 357 1273 quondam
388 1218 503 1272 regis
526 1217 821 1259 Samiramidis
853 1217 1001 1259 mariti
1020 1216 1254 1270 declarans,
1287 1220 1330 1257 et
1353 1217 1489 1258 Ecba-

144 1283 246 1319 tana
278 1280 320 1318 et
351 1277 513 1318 Arbela
545 1280 588 1318 et
620 1276 897 1330 Gaugamela,
928 1276 1002 1317 ubi
1034 1275 1223 1317 Dareum
1245 1275 1490 1316 Alexander

89 1357 123 1382 20
142 1339 241 1390 post
272 1336 519 1376 disciimina
556 1336 677 1376 uaria
714 1310 978 1389 proeliorum
1014 1334 1194 1375 incitato
1227 1333 1365 1375 Marte
1396 1348 1491 1388 pro—

143 1395 312 1436 strauit.

261 1453 329 1494 523.
362 1452 413 1493 In
450 1453 567 1494 omni
605 1456 748 1494 autem
786 1453 966 1506 Assyria
1009 1452 1170 1493 multae
1215 1454 1315 1492 sunt
1351 1451 1492 1492 urbes.

142 1513 253 1553 inter
299 1526 402 1566 quas
447 1512 634 1565 Apamia
677 1512 836 1553 eminet
878 1511 1050 1552 Mesene
1095 1510 1399 1564 cognominata
1448 1512 1492 1550 et

143 1570 339 1611 Teredon
370 1574 413 1611 et
432 1570 665 1624 Apollonia
686 1574 727 1611 et
747 1570 1008 1624 Vologessia
1026 1569 1179 1623 hisque
1201 1568 1364 1610 similes
1385 1568 1492 1609 mul-

89 1650 123 1675 25
143 1632 224 1670 tae.
275 1628 646 1682 splendidissimae
666 1644 767 1670 uero
790 1632 832 1670 et
851 1628 1133 1682 peruulgatae
1153 1628 1233 1669 hae
1254 1627 1371 1668 solae
1392 1629 1492 1668 sunt

142 1691 249 1729 tres:
280 1687 480 1742 Babylon
512 1688 630 1729 cuius
663 1688 833 1729 moenia
864 1687 1074 1729 bitumine
1096 1685 1349 1728 Samiramis
1383 1689 1492 1727 stru-

143 1747 207 1788 xit
251 1770 306 1775 —
352 1761 493 1787 arcem
531 1746 644 1787 enim
677 1746 1001 1800 antiquissimus
1033 1760 1106 1786 rex
1139 1744 1329 1786 condidit
1360 1744 1492 1785 Belus

145 1830 199 1834 —
232 1807 274 1846 et
314 1803 550 1858 Ctesiphon
594 1819 721 1859 quam
758 1804 982 1846 Vardanes
1026 1803 1293 1857 temporibus
1338 1803 1492 1856 priscis

144 1863 348 1918 instituit,
379 1866 614 1917 posteaque
646 1878 719 1904 rex
738 1863 928 1905 Pacorus
960 1862 1199 1903 incolarum
1219 1861 1384 1902 uiribus
1407 1876 1493 1902 am-

91 1937 125 1962 30
144 1922 381 1976 plificatam
414 1925 457 1963 et
488 1922 712 1963 moenibus
734 1921 897 1963 Graeco
930 1921 1065 1962 indito
1085 1920 1271 1972 nomine,
1302 1919 1492 1961 Persidis

146 1981 285 2022 effecit
317 1981 533 2034 specimen
565 1995 791 2022 summum.
852 1983 952 2034 post
988 1979 1098 2021 hanc
1132 1978 1329 2020 Seleucia
1360 1978 1494 2020 ambi-

144 2040 305 2080 tiosum
350 2053 457 2093 opus
500 2039 720 2080 Nicatoris
766 2038 945 2081 Seleuci.
1007 2038 1075 2080 24.
1120 2052 1205 2092 qua
1247 2051 1322 2090 per
1367 2038 1492 2079 duces

237 2188 255 2217 7
281 2183 456 2218 diabenin
486 2183 531 2217 V¹
557 2183 733 2218 diauenin
763 2181 892 2233 V2Pb9
944 2186 964 2217 9
989 2193 1082 2234 quos
1105 2181 1177 2226 ipsi
1200 2181 1249 2215 E
1238 2181 1376 2226 Jssenh
1402 2190 1494 2224 quos

150 2229 201 2262 sie
231 2227 299 2262 VP
323 2239 414 2272 quos
440 2229 478 2262 et
504 2228 538 2263 G
632 2233 673 2263 10
703 2227 839 2262 iunctis
869 2227 1000 2270 scripsi
1030 2227 1148 2260 iuncti
1177 2226 1280 2261 codd.
1375 2229 1414 2258 16
1439 2236 1494 2258 111-

145 2285 228 2308 mus
256 2273 305 2307 V¹
376 2277 416 2308 18
442 2272 687 2307 Samiramidis
716 2273 759 2307 V¹
786 2271 1032 2306 semiramidis
1061 2271 1144 2305 V²P
1218 2275 1259 2305 23
1276 2270 1449 2304 Mesenae
1474 2269 1495 2304 b

145 2320 217 2354 *28
240 2318 371 2362 priscis
395 2318 627 2362 temporibus
651 2322 830 2360 trcmspos.
856 2317 937 2368 bya
1061 2320 1102 2350 31
1136 2315 1258 2350 effecit
1284 2314 1353 2350 ΘΑ
1380 2313 1497 2349 efficit

150 2363 194 2399 V¹
221 2361 334 2398 officii
363 2362 467 2397 V²Pb
561 2367 602 2398 32
627 2362 802 2397 nicatoris
832 2361 875 2397 V¹
901 2361 1086 2396 nicanoris
1115 2360 1264 2405 V²Pb9a
