1573 2508
97 73 180 116 336
602 69 724 105 xxm
750 74 782 113 6,
807 72 941 105 73-83

221 166 288 207 73.
321 165 381 206 At
413 165 457 205 in
488 163 760 218 penitissima
779 165 901 218 parte
921 162 1120 204 Persidos
1142 163 1350 206 Gedrosia
1370 168 1446 220 est,
1468 168 1471 172 '

98 225 247 266 dextra
290 223 498 264 terminos
547 222 801 276 contingens
840 221 1062 275 Indorum,
1106 222 1216 264 inter
1260 223 1445 266 minores

99 284 206 324 alios
228 282 392 323 Arabio
426 281 598 322 uberior
630 280 815 333 flumine,
847 280 921 322 ubi
948 282 1114 321 montes
1146 281 1350 323 deficiimt
1367 282 1447 323 Ar-

99 341 251 395 bitani,
284 354 463 395 quoram
495 354 546 380 ex
577 339 756 393 pedibus
790 339 887 380 imis
921 341 1186 392 emergentes
1219 339 1295 381 alii
1325 340 1447 382 fluuii

101 399 206 441 Indo
221 399 466 452 miscentur,
487 398 734 439 amittentes
747 397 923 438 nomina
942 397 1234 452 magnitudine
1253 399 1446 452 potioris.
1465 410 1482 437 5

99 459 296 500 ciuitates
318 460 461 499 autem
493 457 622 498 etiam
643 456 711 497 hic
744 459 844 497 sunt
877 456 940 507 [in
960 456 1152 509 ciuitate]
1185 460 1355 510 praeter
1386 457 1447 498 in-

99 517 214 558 sulas
254 516 473 568 Sedratira
511 518 553 556 et
592 514 821 569 Gynaecon
860 515 990 555 limen
1029 514 1226 556 meliores
1266 515 1445 556 residuis

101 575 394 616 aestimantur.

220 634 287 674 74.
335 632 402 674 Ne
448 633 581 686 igitur
628 646 727 673 orae
772 631 1012 672 maritimae
1051 632 1191 686 spatia
1229 632 1447 674 adluentia

98 691 287 733 Persidis
333 691 626 732 extremitates
669 705 744 743 per
788 690 990 731 minutias
1035 690 1376 732 demonstrantes
1421 705 1447 732 a
1468 704 1511 746 ¹20

99 751 321 807 proposito
355 749 526 804 longius
572 749 838 801 aberremus,
882 748 924 789 id
969 748 1152 790 sufficiet
1194 749 1290 802 dici,
1334 749 1447 804 quod

100 823 217 850 mare
249 811 520 863 praetentum
541 823 566 849 a
587 806 754 861 Caspiis
775 807 993 848 montibus
1025 822 1101 860 per
1132 807 1301 849 borium
1333 808 1446 850 latus

99 867 152 908 ad
184 882 316 922 nsque
349 869 606 908 memoratas
643 866 865 919 angustias
903 880 1058 906 nouem
1091 866 1259 908 milium
1291 866 1448 908 stadio-

98 940 215 979 rum,
256 926 442 968 australe
484 939 585 966 uero
625 925 678 965 ab
719 924 840 966 ostiis
874 923 967 965 Nili
1009 924 1195 965 fluminis
1229 925 1282 966 ad
1314 939 1446 979 usque

98 985 310 1039 principia
331 983 638 1025 Carmanorum
660 983 1000 1037 quattuordecim
1022 983 1188 1024 milium
1209 983 1446 1025 stadiorum
1459 992 1474 1013 ¹*-

97 1057 274 1084 numero
309 1042 519 1084 definitur.

219 1101 286 1143 75.
326 1101 410 1142 Per
441 1101 518 1142 has
550 1101 746 1141 nationes
779 1100 974 1140 dissonas
1007 1102 1050 1140 et
1080 1100 1340 1154 multiplices
1373 1099 1446 1141 ho-

99 1161 262 1202 minum
295 1174 462 1214 quoque
501 1159 772 1200 diuersitates
812 1161 911 1199 sunt
942 1161 990 1199 ut
1028 1158 1233 1200 locorum.
1295 1158 1368 1200 sed
1399 1161 1447 1200 ut

98 1219 358 1274 generaliter
403 1233 583 1271 corpora
636 1217 944 1269 describamus,
1003 1217 1210 1270 primores
1262 1217 1445 1271 graciles

98 1292 231 1331 paene
264 1279 363 1319 sunt
396 1291 555 1329 omnes,
588 1276 783 1329 subnigri
804 1276 872 1317 uel
905 1275 1038 1317 linido
1061 1276 1202 1317 colore
1222 1275 1446 1330 pallentes,
1465 1289 1510 1330 ²50

100 1336 287 1390 caprinis
321 1336 455 1377 oculis
488 1335 602 1376 torui
636 1337 679 1375 et
711 1334 952 1387 superciliis
986 1334 1030 1374 in
1057 1334 1334 1376 semiorbium
1355 1348 1446 1388 spe-

1481 1013 1509 1038 15

100 1395 208 1436 ciem
247 1394 433 1436 curuatis
472 1394 729 1447 iunctisque,
769 1407 856 1433 non
894 1393 1162 1434 indecoribus
1201 1393 1347 1434 barbis
1381 1407 1446 1434 ca-

98 1453 300 1508 pillisque
321 1453 545 1507 promissis
566 1452 734 1505 hirsuti,
767 1466 913 1492 omnes
934 1454 1078 1492 tamen
1103 1451 1344 1505 promiscue
1376 1451 1445 1492 uel

99 1512 212 1553 inter
255 1511 402 1565 epulas
447 1511 665 1564 festosque
704 1510 792 1550 dies
839 1510 995 1564 gladiis
1035 1511 1161 1551 cincti
1206 1511 1446 1551 cernuntur.

100 1585 226 1625 quem
240 1569 499 1611 Graecorum
521 1572 714 1610 ueterum
730 1583 892 1609 morem
913 1568 1119 1609 abiecisse
1139 1569 1299 1622 primos
1314 1568 1445 1609 Athe·
1464 1582 1509 1624 ²25

99 1629 268 1670 Dienses
302 1628 570 1682 Thucydides
604 1630 669 1668 est
701 1629 848 1668 auctor
881 1627 1183 1680 amplissimus.
1249 1627 1315 1669 76.
1348 1626 1446 1668 effu-

100 1687 187 1728 sius
220 1687 413 1741 plerique
447 1686 576 1727 soluti
610 1686 653 1726 in
673 1700 872 1726 uenerem
893 1698 1103 1739 aegreque
1130 1685 1321 1727 contenti
1340 1684 1446 1726 mul-

98 1746 282 1788 titudine
320 1745 523 1799 pelicum,
561 1744 789 1797 puerilium
831 1747 1075 1797 stuprorum
1115 1746 1327 1798 expertes,
1367 1757 1444 1797 pro

101 1805 253 1858 opibus
287 1804 465 1858 quisque
487 1803 726 1844 adsciscens
748 1802 1023 1844 matrimonia
1042 1803 1166 1856 plura
1197 1802 1265 1843 uel
1298 1815 1445 1856 pauca.

99 1863 209 1904 unde
254 1863 364 1916 apud
405 1877 476 1903 eos
515 1876 590 1915 per
629 1860 830 1901 libidines
872 1861 1014 1902 uarias
1053 1861 1209 1902 caritas
1253 1860 1444 1914 dispersa
1463 1873 1510 1914 so,

99 1921 317 1975 torpescit.
380 1920 609 1961 munditias
650 1919 945 1960 conuiuiorum
984 1923 1026 1960 et
1066 1920 1210 1960 luxum
1243 1919 1444 1960 maxime-

101 1994 180 2034 que
213 1979 389 2033 potandi
411 1979 662 2019 auiditatem
684 1978 869 2018 uitantes
891 1981 938 2018 ut
970 1978 1095 2019 luem.
1148 1979 1216 2019 77.
1238 1992 1313 2018 nec
1335 1976 1443 2031 apud

195 2120 209 2149 1
245 2114 425 2150 Gedrosia
457 2116 490 2149 G·
515 2116 661 2161 gerosia
691 2115 757 2149 I'P
781 2120 800 2148 2
826 2115 1044 2159 contingens
1075 2134 1116 2138 —
1142 2114 1302 2148 minores
1332 2123 1399 2147 om.
1424 2113 1444 2148 b

100 2164 120 2195 3
145 2160 283 2194 Arabio
315 2159 472 2204 ll'ayner
497 2160 639 2194 artabio
664 2160 768 2194 codd.
862 2159 1031 2193 Arbitani
1055 2159 1127 2193 scri
1153 2159 1186 2194 si
1210 2158 1302 2202 (coll.
1326 2158 1441 2201 Ptol.)

99 2204 286 2239 barbitani
318 2205 420 2239 codd.
498 2210 517 2239 5
548 2205 762 2239 amittentes
797 2204 830 2237 G
854 2204 1046 2238 mittentes
1084 2203 1115 2237 V
1241 2207 1261 2237 6
1286 2203 1322 2236 in
1355 2202 1442 2236 ciui-

100 2250 178 2284 tate
208 2248 275 2283 VP
300 2251 397 2283 inter
422 2250 593 2283 ciuitates
622 2250 654 2282 G
679 2260 744 2282 om.
771 2249 812 2283 ba
877 2252 918 2283 18
945 2249 986 2282 ut
1010 2249 1075 2292 hya
1100 2258 1144 2282 ne
1174 2247 1241 2282 VP
1304 2251 1345 2281 19
1381 2246 1442 2280 πί-

100 2304 221 2328 mores
245 2294 376 2350 scripsi
401 2295 439 2328 et
463 2294 603 2338 priores
636 2293 701 2328 VP
726 2295 763 2327 ct
788 2303 907 2327 mores
931 2293 999 2336 hya
1090 2296 1132 2327 ‘28
1164 2292 1326 2336 pelicum
1387 2290 1444 2325 Pb

101 2338 278 2382 pellicum
306 2339 375 2373 (rA
469 2343 510 2372 32
537 2338 635 2372 luem
663 2338 732 2372 (r'A
759 2337 876 2372 lucem
908 2337 996 2371 VPb
