1573 2508
126 57 212 99 214
642 53 708 90 XX
732 58 765 98 7,
790 57 911 97 17-8‚
936 57 957 90 8

122 149 309 192 Romani
354 149 405 191 ad
449 149 597 190 eadem
642 147 878 191 obsidenda
915 147 1080 189 uiribus
1124 148 1291 202 magnis
1335 148 1474 191 accin-

124 212 339 264 gerentur.

246 268 310 308 17.
342 266 492 307 Latius
524 279 569 306 se
602 265 781 320 proinde
814 265 978 306 iactans
1005 264 1232 319 additaque
1264 279 1338 319 spe
1359 264 1473 319 quie-

125 325 227 380 quid
272 324 446 379 adgredi
489 327 636 378 posset
670 323 945 378 adipiscendi,
987 322 1237 376 interceptis
1258 323 1470 366 castellis

124 384 222 426 aliis
256 383 482 424 uilioribus
515 381 685 424 Virtam
719 382 877 424 adoriri
903 381 1128 435 disposuit,
1159 381 1506 424 munimentum⁶

123 442 247 483 ualde
285 444 515 495 uetustum,
559 444 607 484 ut
649 440 918 482 aedificatum
951 454 975 480 a
1011 438 1243 481 Macedone
1276 440 1472 482 credatur

122 500 384 554 Alexandro,
423 500 469 541 iii
507 503 696 541 extremo
739 499 910 553 quidem
947 497 1285 552 Mesopotamiae
1329 499 1473 554 situm,

123 558 197 601 sed
222 559 357 600 muris
391 559 510 600 uelut
542 558 728 599 sinuosis
761 557 1069 598 circumdatum
1103 560 1145 598 et
1183 556 1372 598 cornutis
1411 556 1472 598 in-

123 618 440 672 structioneque
473 617 595 658 uaria
627 617 902 658 inaccessum.
966 615 1031 657 18.
1065 615 1176 669 quod
1221 629 1315 656 cuni
1353 616 1472 658 omni

122 679 215 718 arte
260 678 505 729 temptaret,
554 690 664 716 nune
708 674 930 728 promissis
975 673 1217 715 defensores
1264 673 1471 728 alliciens,
1492 687 1524 711 io

122 748 234 776 nunc
266 748 425 789 poenas
458 734 712 775 cruciabiles
745 732 965 786 minitans,
1011 732 1270 787 aliquotiens
1303 735 1469 774 struere

122 806 303 848 aggeres
348 807 504 846 parans
549 792 924 845 obsidionalesque
965 791 1194 832 admonens
1240 790 1473 845 machinas,

122 852 271 893 multis
305 851 489 905 acceptis
522 851 771 892 uulneribus
805 864 932 904 quam
965 849 1124 902 inlatis,
1164 849 1322 891 omisso
1361 863 1472 892 uano

122 910 292 965 incepto
326 910 498 951 tandem
531 910 751 950 abscessit.

246 968 290 1010 8.
316 970 351 1010 1.
383 968 501 1010 Haec
522 982 570 1009 eo
592 982 702 1010 anno
735 968 847 1008 inter
868 966 1181 1020 Tigrim-gesta
1207 968 1307 1007 siuit
1327 968 1370 1007 et
1387 965 1472 1008 Eu·
1493 978 1526 1003 15

122 1027 336 1082 phi-atem.
386 1041 492 1081 quae
515 1041 608 1068 cum
628 1026 925 1080 frequentibus
945 1025 1106 1066 nuntiis
1128 1025 1346 1066 didicisset
1367 1023 1474 1066 Con-

122 1086 322 1140 stantius,
353 1088 546 1126 metuens
568 1084 859 1138 expeditiones
880 1083 1117 1136 Parthicas,
1148 1083 1333 1124 hiemem
1363 1082 1474 1137 apud

124 1143 548 1198 Constantinopolim
587 1156 719 1197 agens
758 1142 1002 1196 inpensiore
1042 1156 1142 1183 cura
1186 1141 1368 1182 limitem
1413 1141 1473 1182 in—

125 1203 321 1245 struebat
353 1217 477 1244 eoum
510 1202 625 1243 omni
658 1203 867 1256 apparatu
899 1200 1123 1241 bellorum.
1165 1214 1282 1241 arma
1304 1214 1471 1254 quoque

124 1265 169 1303 et
199 1261 398 1304 tirocinia
431 1274 587 1315 cogens
626 1260 902 1314 legionesque
936 1272 1095 1313 augens
1134 1258 1369 1300 iuuentutis
1402 1273 1472 1300 ua-
1491 1270 1526 1296 20

125 1320 238 1362 lidae
271 1320 594 1374 supplementis,
627 1333 806 1372 quarum
827 1317 1031 1358 statariae
1051 1331 1220 1371 pugnae
1240 1331 1316 1371 per
1337 1317 1474 1358 orien-

123 1379 233 1420 tales
273 1378 440 1432 saepius
483 1378 696 1418 eminuere
740 1376 996 1430 prociiictuS,
1038 1375 1196 1417 auxilia
1239 1390 1366 1429 super
1405 1375 1472 1416 liis

126 1437 385 1492 Scytharum
425 1436 631 1491 poscebat
675 1435 867 1476 mercede
910 1434 979 1476 uel
1024 1435 1184 1488 gratia,
1232 1436 1280 1475 ut
1325 1433 1471 1476 adulto

124 1511 224 1537 uere
261 1496 479 1550 profectus
521 1510 541 1536 e
574 1494 770 1543 Thraciis
810 1493 905 1535 loca
943 1497 1141 1547 suspecta
1177 1492 1372 1546 protinus
1406 1507 1472 1535 oc-

126 1558 312 1609 cuparet.
1493 1562 1527 1588 25

245 1614 282 1654 2.
316 1612 435 1654 Inter
468 1626 574 1666 quae
607 1610 798 1652 Iulianus
832 1609 941 1664 apud
968 1609 1158 1650 Parisios
1191 1609 1382 1650 hibernis
1416 1609 1476 1650 lo-

126 1672 246 1725 catis,
285 1685 451 1712 summa
489 1672 737 1724 coeptorum
779 1683 980 1723 quorsum
1018 1668 1216 1709 euaderet
1253 1668 1475 1721 pertimes-

127 1744 238 1783 cenS,
276 1733 368 1771 erat
410 1729 571 1782 anxius,
609 1742 819 1782 nusquam
859 1727 1135 1768 adsensurum
1174 1725 1475 1768 Constantium

126 1789 253 1830 factis
286 1788 423 1829 multa
454 1787 664 1829 uoluendo
704 1786 987 1838 considerans,
1029 1784 1139 1839 apud
1173 1799 1297 1839 quem
1335 1784 1475 1826 sorde-

127 1847 204 1889 bat
235 1850 283 1888 ut
314 1847 484 1888 infimus
517 1849 559 1887 et
592 1847 874 1899 contemptus.
920 1844 957 1885 3.
979 1843 1295 1897 circumspectis
1329 1843 1474 1897 itaque
1494 1854 1528 1881 ³0

130 1905 308 1959 trepidis
341 1919 485 1946 rerum
516 1918 724 1946 nouarum
752 1902 936 1944 exordiis
969 1903 1136 1956 legatos
1170 1901 1221 1943 ad
1254 1917 1349 1943 eum
1381 1901 1477 1942 mit-

222 2029 242 2058 6
268 2025 441 2059 credatur
466 2035 488 2058 a
511 2024 715 2059 Macedone
741 2027 922 2073 trapspos.
946 2022 1051 2072 Rbya
1101 2026 1142 2057 10
1167 2023 1292 2064 AarteA
1317 2022 1476 2066 tempta-

129 2071 188 2104 ret
212 2073 390 2113 trans-pos.
422 2069 453 2103 V
548 2074 583 2103 11
605 2080 701 2103 nunc
726 2067 1057 2112 pollicitationibus
1081 2067 1125 2122 ²19
1218 2071 1258 2101 12
1275 2066 1477 2101 admonens

133 2114 201 2149 VA
234 2124 386 2148 mouens
411 2115 490 2155 qu
584 2118 623 2148 13
649 2113 782 2147 omisso
813 2113 879 2156 bya
905 2113 1038 2146 amisso
1077 2111 1142 2145 11³
1243 2115 1282 2146 15
1308 2111 1477 2147 eufraten

134 2158 168 2193 V
215 2162 254 2194 18
280 2158 437 2192 limitem
469 2151 754 2209 VAI’militeui
781 2158 861 2202 11³ng
910 2161 950 2191 19
976 2166 1084 2191 eoum
1112 2156 1153 2191 0.
1181 2155 1226 2190 F.
1258 2156 1313 2190 W.
1340 2155 1479 2190 Miiller

130 2247 215 2272 cum
250 2236 353 2272 codd.
458 2240 500 2269 ‘32
522 2211 722 2270 -gilliitiiiieirgre
755 2235 786 2269 V
852 2239 894 2268 24
920 2245 938 2269 e
964 2233 1128 2268 Thraciis
1148 2234 1179 2267 G
1207 2235 1243 2268 et
1268 2210 1418 2268 h‘aratus
1448 2232 1481 2266 V

131 2283 170 2316 et
192 2281 363 2362 hrsszatus
386 2282 422 2316 P
448 2282 485 2315 ct
510 2281 678 2315 hortatus
709 2281 752 2314 ba
839 2283 880 2314 27
908 2289 1082 2323 quorsum
1108 2280 1325 2323 coeptorum
1355 2281 1476 2313 trans-

127 2335 205 2370 2³⁰⁸-
290 2336 312 2371 9
