1614 2549
381 78 720 114 CONSTANTIVS
745 79 806 113 ET
830 75 1061 114 IVLIANVS
1086 79 1153 115 356
1386 80 1440 123 87

93 174 208 229 regis
240 173 479 216 eunuchum
509 173 633 215 nobis
666 176 868 227 opponat,
898 173 980 215 hoc
1005 173 1174 215 monitu
1192 173 1440 216 recordetur
1494 186 1499 202 Α·

93 233 202 275 1111111
234 247 361 286 super
392 247 441 273 eo
474 232 660 273 relatum
690 235 861 286 praeter
892 232 935 273 id
967 232 1119 285 solum,
1152 231 1264 286 quod
1295 232 1341 273 in
1373 247 1438 274 su-

92 305 238 346 premo
253 291 498 332 discrimine
512 291 700 344 gloriose
715 291 986 332 monstrauit.
1011 291 1076 332 10.
1092 290 1258 344 ingenti
1271 290 1437 344 proelio

93 352 314 403 superatus
355 365 380 390 a
416 349 623 390 Romanis
662 352 705 390 et
742 349 948 403 Pompeio
986 364 1060 390 rex
1096 349 1339 402 praedictus
1377 349 1439 390 fu-

57 408 296 462 5giensque
329 409 381 449 ad
411 421 546 462 regna
577 406 834 449 Colchorum
866 408 1060 448 adultam
1096 408 1234 448 filiam
1264 408 1438 449 nomine

90 466 374 520 Drypetinam
404 470 604 508 uexatam
637 467 869 520 asperitate
900 466 1147 507 morborum
1181 467 1226 507 in
1258 467 1437 508 castello

91 523 291 567 Sinhorio
323 525 423 566 111119
443 525 692 578 Menophilo
714 525 987 566 commissam
1018 524 1206 578 reliquit.
1251 525 1324 578 qui
1355 526 1438 566 uir-

36 618 39 619 ?
89 584 233 637 ginem
265 584 382 625 omni
418 584 704 625 remediorum
737 583 897 625 solacio
935 584 1060 638 plene
1099 586 1291 624 curatam
1321 585 1438 637 patri

89 642 304 683 tutissime
349 657 524 684 seruans
570 657 666 684 cum
704 658 728 683 a
765 642 929 683 Manlio
968 642 1115 683 Prisco
1160 642 1435 695 imperatoris

37 715 70 740 ιο
89 700 234 754 legato
256 701 579 755 munimentum,
600 716 682 755 quo
703 701 994 753 claudebatur,
1017 700 1205 741 obsideri
1226 701 1436 754 coepisset

88 759 415 814 defensoresque
447 761 536 801 eius
569 760 831 801 deditionem
862 760 1061 801 meditari
1093 759 1290 813 sentiret,
1329 759 1437 801 ueri-

87 821 169 871 tus,
198 833 251 859 ne
270 819 461 872 parentis
492 819 723 873 opprobrio
755 819 900 872 puella
918 818 1078 860 nobilis
1101 817 1272 871 captiua
1291 832 1435 871 super-

88 880 200 919 esset
231 880 273 918 et
305 877 480 930 uiolata,
511 877 739 918 interfecta
770 877 849 918 illa
868 892 967 918 mox
988 876 1182 930 gladium
1202 876 1247 917 in
1267 876 1433 917 uiscera

87 950 163 977 sua
194 936 407 990 conpegit.
466 951 578 978 1111119
609 936 780 977 redeam
811 936 921 977 unde
954 935 1123 976 diuerti.

34 1007 68 1032 15
205 993 248 1036 8.
267 997 302 1036 1.
318 994 528 1061 Superato
543 998 591 1036 ut
611 995 698 1035 dixi
711 994 917 1036 Marcello
932 1008 1188 1047 reuersoque
1204 992 1434 1047 Serdicam,

86 1052 194 1094 unde
233 1054 469 1107 oriebatur,
507 1054 552 1095 111
590 1054 743 1095 castris
776 1053 965 1107 Augusti
1003 1067 1078 1106 per
1113 1052 1435 1093 simulationem

84 1112 266 1153 tuendae
298 1112 539 1154 maiestatis
572 1112 876 1178 imperatoriae
909 1112 1046 1152 multa
1078 1114 1120 1151 et
1138 1111 1324 1152 nefanda
1342 1125 1435 1164 per-

84 1171 377 1223 petrabantur.
440 1172 478 1212 2.
514 1186 614 1212 nam
647 1171 779 1225 siquis
813 1185 938 1236 super
971 1172 1149 1211 occentu
1182 1169 1332 1210 soricis
1364 1169 1434 1210 uel

86 1243 263 1270 occulsu
295 1230 502 1271 mustelae
534 1230 603 1271 uel
636 1230 790 1271 similis
824 1229 937 1283 signi
974 1228 1116 1282 gratia
1148 1227 1434 1269 consuluisset

31 1300 66 1325 20
86 1302 342 1342 quemquam
379 1289 580 1342 peritum,
621 1292 696 1329 aut
734 1288 847 1329 anile
863 1262 1254 1328 Oincantamentum
1286 1287 1339 1327 ad
1378 1287 1434 1327 le-

83 1346 285 1387 niendum
317 1347 585 1388 adhibuisset
617 1347 810 1388 dolorem
842 1371 897 1375 —
932 1346 1044 1400 quod
1076 1345 1312 1386 medicinae
1333 1360 1433 1399 quo-

84 1419 164 1458 que
197 1406 652 1448 admittit'auctoritas
674 1430 728 1434 -—
748 1420 858 1456 reus,
890 1404 999 1446 unde
1030 1419 1117 1445 non
1148 1406 1321 1458 poterat
1346 1404 1433 1457 opi-

82 1464 189 1517 nari,
221 1464 386 1505 delatus
407 1468 640 1519 raptusque
667 1465 712 1506 in
730 1464 934 1506 iudicium
952 1463 1194 1518 poenaliter
1214 1462 1432 1504 interibat.

201 1524 238 1564 3.
258 1522 341 1564 Per
360 1523 404 1564 id
423 1526 591 1577 tempus
612 1523 676 1563 fer
696 1555 988 1564 .............
1008 1536 1110 1562 1111111
1130 1521 1342 1575 quendam
1360 1535 1433 1562 no-

30 1592 64 1618 25
83 1581 196 1622 1111119
227 1581 399 1623 Danum
435 1586 599 1623 terrore
639 1585 762 1623 tenus
801 1596 907 1622 uxor
944 1595 1088 1622 rerum
1126 1580 1288 1621 leuium
1319 1580 1433 1621 111911-

23 1664 27 1667 ·
82 1644 202 1681 sarat
233 1643 396 1682 certum
429 1656 484 1682 an
514 1641 742 1694 incertum,
775 1641 883 1681 unde
904 1640 1118 1681 insontem
1136 1638 1316 1679 Rufinus
1337 1639 1433 1679 sub-

82 1698 250 1740 sidebat
281 1724 337 1729 -—
370 1714 453 1753 quo
491 1699 706 1740 indicante
746 1699 955 1753 quaedam
994 1698 1169 1752 cognita
1208 1712 1284 1751 per
1322 1696 1432 1738 Gau-

83 1756 274 1798 dentium
307 1761 507 1812 agentem
539 1759 582 1799 111
602 1758 741 1811 rebus,
774 1758 1043 1798 consularem
1062 1756 1309 1798 Pannoniae
1330 1758 1432 1796 tunc

81 1814 350 1869 Africanum,
394 1832 490 1858 911111
535 1817 726 1858 conuiuis
771 1816 1016 1857 rettulimus
1062 1814 1336 1856 interfectum
1376 1838 1431 1843 —

27 1886 63 1912 30
82 1875 363 1928 apparitionis
394 1875 689 1929 praefecturae
721 1875 1020 1929 praetorianae
1043 1878 1136 1915 tum
1157 1873 1287 1914 etiam
1319 1873 1432 1926 prin-

172 2046 192 2076 5
217 2042 385 2077 aduitam
414 2043 482 2077 VP
499 2042 635 2093 aduita
661 2042 695 2076 G
742 2043 788 2076 *7
814 2041 984 2075 Sinhorio
1008 2041 1061 2075 sic
1085 2040 1222 2084 VPbya
1270 2039 1334 2083 qui
1358 2040 1431 2073 uir-

82 2086 210 2138 ginem
237 2087 271 2121 G
295 2087 429 2131 quibus
454 2087 638 2132 originem
660 2087 773 2121 VPba
828 2091 848 2121 9
871 2085 1010 2120 manlio
1035 2085 1156 2129 prisco
1175 2085 1279 2128 qua
1304 2084 1430 2119 mallio

78 2132 216 2175 pirisco
246 2131 281 2166 V
348 2136 387 2166 11
415 2134 492 2166 eius
516 2143 584 2167 om.
610 2132 715 2176 qua
778 2135 818 2165 12
843 2130 981 2165 nubilis
1005 2131 1072 2174 hya
1142 2134 1182 2164 15
1206 2139 1430 2173 reuersoque

82 2176 285 2211 Lindenbr.
311 2187 514 2221 euersoque
544 2176 611 2211 VP
694 2180 734 2210 17
759 2175 1076 2220 perpetrabantur
1103 2174 1136 2209 G
1159 2174 1431 2224 perpetrabant

87 2221 201 2255 VPba
294 2225 334 2255 18
371 2233 485 2266 siquis
512 2222 545 2255 G
581 2221 612 2254 si
641 2221 755 2255 IPba
846 2225 890 2254 ‘24
925 2220 1045 2254 fertur
1068 2219 1179 2253 fuisse
1205 2218 1327 2252 uirum
1364 2219 1428 2263 byn

81 2269 125 2300 25
148 2265 336 2300 incusarat
361 2266 440 2310 [lac.
465 2268 512 2301 12
536 2266 619 2310 litt]
652 2266 795 2300 certum
824 2265 892 2300 VP
921 2266 1001 2300 sine
1024 2265 1090 2301 lac.
1116 2265 1183 2309 bsJa
1276 2268 1319 2297 26
1346 2268 1430 2306 post

82 2310 267 2345 incertum
300 2311 461 2346 distinxi
551 2311 650 2345 unde
681 2310 812 2354 scripsi
842 2310 1027 2344 insontem
1056 2309 1222 2344 Valesius
1247 2308 1429 2342 undenso-

84 2355 162 2389 tam
191 2354 226 2389 V
315 2360 358 2390 29
383 2355 599 2390 retulissent
625 2356 663 2390 et
687 2355 828 2389 fectum
858 2355 892 2389 V
