1573 2508
1461 0 1547 74 π

138 156 294 198 animis
333 160 509 198 conatos
547 158 746 200 resistere
779 159 1001 201 Sarmatas
1040 161 1201 216 absque
1237 165 1488 207 nostrorum

136 215 360 269 dispendio
413 216 659 270 statuimus,
708 218 885 272 parique
929 219 1171 272 petulantia
1220 224 1393 264 ruentes
1441 222 1488 266 in

137 274 313 327 agmina
361 274 572 316 nobilium
623 275 842 329 legionum
887 276 1057 326 Quados
1109 277 1319 321 Sarmatis
1370 281 1486 323 adiu-

135 336 282 373 menta
319 332 505 374 ferentes
544 333 813 375 adtriuimus.
881 335 955 389 qui
992 339 1092 389 post
1129 351 1384 381 aerumnosa
1425 339 1486 382 di-

135 390 313 443 spendia
344 391 455 432 inter
487 391 702 433 discursus
735 395 777 434 et
807 394 1073 447 repugnandi
1105 395 1290 438 minaces
1324 397 1520 440 anheli-⁵

133 452 216 502 tus,
261 449 364 503 quid
394 452 543 491 nostra
575 450 719 492 ualeat
750 452 890 493 uirtus
923 452 1104 506 experti,
1143 468 1294 496 manus
1341 457 1393 498 ad
1423 457 1484 498 di-

134 507 378 549 micandum
417 511 586 562 aptatas
625 524 843 551 armorum
881 510 1048 552 abiecto
1094 513 1329 555 munimine
1372 529 1482 568 pone

132 568 259 619 terga
301 566 532 608 uinxerunt
581 571 828 622 restareque
879 569 1016 610 solam
1069 570 1253 613 salutem
1297 576 1484 615 contem-

131 624 302 677 plantes
335 625 378 665 in
410 626 621 679 precibus,
653 626 792 667 adfusi
825 630 925 669 sunt
957 629 1155 682 uestigiis
1180 630 1371 685 Augusti
1403 632 1484 674 cle-

131 684 301 736 mentis,
334 683 453 724 cuius
475 685 637 737 proelia
663 700 788 739 saepe
810 690 1089 739 conpererant
1110 689 1249 730 exitus
1279 689 1481 733 habuisse
1501 703 1536 729 1⁰

130 741 290 782 felices.
352 742 419 783 29.
452 742 519 783 his
552 744 832 797 sequestratis
858 744 1129 798 Limigantes
1163 761 1329 802 quoque
1362 748 1482 791 forti-

129 799 278 840 tudine
307 801 604 853 superauimus
643 802 749 855 pari,
782 802 1104 858 interfectisque
1141 805 1338 859 pluribus
1371 807 1480 851 alios

129 858 311 911 periculi
351 859 581 901 declinatio
621 861 767 915 adegit
805 862 990 916 suffugia
1026 866 1171 916 petere
1214 864 1482 908 latebrarum

128 916 402 969 palustrium.
452 918 520 958 30.
552 918 704 972 hisque
725 920 908 962 secundo
941 920 1075 961 finitis
1097 926 1253 964 euentu
1286 924 1479 967 lenitatis

128 978 299 1028 tempus
332 976 479 1017 aderat
516 978 811 1030 tempestiuae.
872 978 1139 1032 Limigantes
1179 982 1231 1022 ad
1269 983 1364 1024 loca
1403 983 1481 1024 mi·
1500 994 1534 1022 15

129 1045 254 1086 grare
286 1034 556 1087 conpulimus
596 1036 723 1090 longe
756 1036 953 1090 discreta,
984 1052 1036 1078 ne
1075 1039 1119 1079 in
1145 1040 1377 1094 perniciem
1406 1056 1480 1083 no-

128 1094 317 1132 strorum
351 1107 394 1133 se
415 1107 684 1135 commouere
715 1099 892 1148 possent
917 1096 1111 1151 ulterius,
1145 1101 1186 1140 et
1211 1100 1478 1153 pepercimus

126 1149 326 1202 plurimis
359 1153 400 1191 et
432 1150 593 1193 Zizaim
624 1153 908 1206 praefecimus
930 1154 1110 1210 Liberis,
1142 1156 1333 1199 dicatum
1352 1159 1477 1201 nobis

127 1208 321 1249 futurum
354 1211 397 1250 et
428 1209 572 1264 fidum,
609 1211 706 1264 plus
746 1213 1024 1255 aestimantes
1057 1229 1200 1256 creare
1240 1231 1369 1270 quam
1408 1232 1478 1259 au-

125 1266 236 1307 ferre
258 1267 453 1309 barbaris
475 1282 633 1323 regem,
665 1270 746 1311 hoc
766 1271 915 1312 decore
936 1276 1120 1326 augente
1141 1274 1477 1318 sollemnitatem
1496 1288 1531 1314 20

127 1325 240 1379 quod
272 1326 409 1367 isdem
442 1341 609 1382 quoque
635 1332 775 1370 rector
807 1330 996 1371 tributus
1018 1332 1196 1374 antehac
1218 1333 1378 1375 electus
1412 1337 1479 1376 est

126 1386 169 1424 et
207 1388 418 1438 acceptus.
481 1386 549 1426 31.
588 1387 853 1441 quadruplex
893 1389 1028 1442 igitur
1066 1392 1324 1445 praemium,
1363 1393 1477 1447 quod

124 1456 234 1482 unus
266 1443 510 1496 procinctus
544 1445 750 1500 absoluit,
788 1461 865 1488 nos
899 1449 1190 1501 quaesiuimus
1223 1454 1266 1491 et
1296 1465 1364 1492 res
1402 1466 1476 1505 pu-

123 1500 259 1553 blica,
302 1502 442 1554 primo
487 1503 651 1544 ultione
694 1508 820 1557 parta
863 1506 912 1546 de
957 1508 1278 1559 grassatoribus
1321 1510 1475 1564 noxiis,

123 1558 274 1600 deinde
314 1561 426 1613 quod
463 1562 587 1602 uobis
627 1563 793 1605 abunde
831 1564 1046 1606 sufficient
1085 1580 1133 1607 ex
1173 1566 1371 1609 hostibus
1409 1582 1475 1610 ca—
1493 1581 1528 1608 25

122 1617 246 1669 ptiui.
308 1618 376 1659 his
409 1620 523 1660 enim
556 1621 762 1663 uirtutem
783 1626 954 1676 oportet
974 1639 1064 1665 esse
1086 1628 1345 1680 contentam,
1365 1641 1474 1681 quae

122 1675 276 1716 sudore
309 1678 523 1730 quaesiuit
555 1682 598 1720 ct
629 1680 827 1722 dexteris.
888 1682 957 1724 32.
987 1683 1111 1724 nobis
1145 1684 1311 1738 amplae
1343 1685 1474 1727 facul-

121 1735 233 1774 tates
267 1748 481 1789 opumque
520 1740 621 1778 sunt
659 1739 804 1791 magni
836 1739 1047 1782 thesauri:
1080 1742 1248 1796 integra
1281 1744 1473 1785 omnium

120 1793 385 1845 patrimonia
415 1795 552 1836 nostri
585 1796 754 1838 labores
788 1801 830 1838 et
862 1798 1070 1841 fortitudo
1103 1802 1328 1844 seruarint.
1390 1802 1472 1844 hoc

121 1851 236 1891 enim
274 1852 374 1892 boni
415 1854 620 1907 principis
659 1856 811 1909 menti,
850 1856 930 1897 hoc
969 1859 1236 1900 successibus
1269 1861 1472 1915 congruit
1489 1876 1525 1903 so

120 1910 349 1963 prosperis.
401 1912 468 1952 33.
501 1916 721 1965 postremo
751 1928 830 1969 ego
863 1930 1031 1970 quoque
1064 1917 1237 1959 hostilis
1270 1919 1471 1960 uocabuli

120 1968 307 2020 spolium
339 1984 442 2022 prae
474 1985 541 2011 me
568 1972 670 2025 fero,
703 1973 934 2014 seeundum
956 1974 1184 2017 Sarmatici
1217 1991 1471 2031 cognomen-

119 2028 231 2078 tum,
271 2028 381 2081 quod
415 2044 490 2070 uos
523 2044 652 2071 unum
692 2031 887 2086 idemque
925 2034 1156 2076 sentientes
1190 2035 1297 2076 mihi
1330 2060 1384 2066 —
1416 2051 1469 2078 ne

123 2084 181 2124 sit
213 2086 425 2136 adrogans
458 2088 596 2129 dicere
629 2113 684 2118 —
717 2091 871 2132 merito
903 2092 1143 2134 tribuistis'.

145 63 225 104 144
591 63 695 99 XVII
722 69 772 109 13,
798 69 841 100 29
866 85 908 91 —
932 65 1055 101 XVIII

209 2203 228 2232 3
272 2202 423 2233 armatis
465 2201 552 2235 VPb
672 2208 691 2237 4
736 2205 948 2238 attriuimus
995 2206 1061 2249 δρα
1109 2207 1354 2242 adtribuimus
1400 2207 1468 2242 VP

124 2245 163 2275 13
190 2243 345 2286 periculi
371 2256 435 2278 mn.
464 2246 507 2288 bf]
600 2251 640 2281 18
665 2248 780 2282 zizam
815 2249 921 2293 VPby
946 2250 1061 2284 zizain
1086 2251 1121 2285 Α
1216 2257 1255 2286 19
1280 2252 1406 2287 adsere
1437 2253 1471 2287 V

118 2290 161 2321 23
193 2289 446 2330 quaeciuimus
485 2290 552 2324 VI’
643 2297 684 2325 ‘25
716 2293 874 2337 captiuis
913 2293 998 2329 VPI)
1022 2307 1045 2329 α
1141 2301 1184 2331 30
1219 2298 1384 2332 sensibus
1423 2299 1467 2343 by

118 2335 162 2365 32
189 2333 391 2367 secundum
415 2336 547 2378 scripsi
571 2337 723 2371 secundi
747 2339 850 2373 codd.
874 2349 985 2373 secun
1015 2350 1036 2374 0
1065 2340 1231 2375 Valesius
