1573 2508
79 87 164 131 308
576 84 699 120 xx111
726 89 756 129 1,
781 88 882 130 4-2,
906 91 927 121 5

83 182 173 224 ciae
211 194 364 235 rector,
403 180 620 222 metuendi
657 179 779 233 globi
816 179 1086 222 flammarum
1122 195 1255 235 prope
1287 181 1435 223 funda-

85 243 229 282 menta
278 240 440 281 crebris
492 238 732 279 adsultibus
783 240 1053 292 erumpentes
1103 238 1240 281 fecere
1291 240 1434 282 locum

84 299 246 340 exustis
262 298 520 352 aliquotiens
536 296 813 350 operantibus
834 296 1110 351 inaccessum,
1128 297 1292 353 hocque
1307 298 1433 340 modo

85 357 295 398 elemento
329 355 586 397 destinatius
613 355 849 409 repellente
881 355 1066 397 cessauit
1098 356 1328 411 inceptum.

203 416 242 456 4.
280 414 422 456 Isdem
464 414 614 455 diebus
659 414 827 468 legatos
869 414 922 455 ad
966 429 1010 455 se
1049 414 1205 456 missos
1245 415 1297 456 ab
1330 416 1471 457 urbes

86 477 261 515 aeterna
300 473 413 515 clare
451 475 579 514 natos
618 472 868 526 meritisque
907 473 1144 526 probabilis
1177 473 1292 515 uitae
1325 488 1436 515 com-

84 534 231 598 pertos
264 532 499 586 imperator
531 531 766 572 honoribus
793 530 974 572 diuersis
1008 531 1177 573 adfecit.
1238 535 1280 573 et
1301 532 1437 586 Apro-

84 591 262 632 nianum
292 589 455 632 Romae
488 589 678 631 decreuit
710 604 802 630 esse
833 589 1110 644 praefectum,
1150 589 1438 632 Octauianum

84 649 386 715 proconsulem
417 649 605 701 Africae,
636 647 830 689 Venusto
875 648 1082 690 uicariam
1130 649 1332 690 conmisit
1362 647 1438 690 Hi-

86 708 276 761 spaniae,
307 706 510 748 Rufinum
542 706 749 748 Aradium
781 707 982 747 comitem
1009 707 1186 749 orientis
1220 708 1265 748 in
1295 707 1438 749 locum
1458 722 1491 748 ιο

87 766 288 807 auunculi
322 766 387 807 sui
419 765 577 806 Iuliani
608 779 755 806 recens
788 765 978 806 defuncti
1009 766 1219 819 prouexit.
1281 765 1319 808 5.
1349 766 1440 821 qui-

54 824 167 866 ‘bus
200 826 248 866 ut
280 827 541 866 conuenerat
573 823 794 877 ordinatis,
826 824 1069 865 terrebatur
1090 825 1231 866 omine
1254 824 1440 879 quodam

85 885 136 924 ut
166 883 311 924 docuit
342 883 480 924 exitus
513 882 877 936 praesentissimo.
938 882 1079 924 Felice
1101 883 1214 924 enim
1246 883 1440 938 largitio-

87 956 191 982 num
223 942 379 982 comite
411 941 621 995 profluuio
655 941 877 995 sanguinis
910 944 1084 995 repente
1105 942 1294 983 extincto
1328 956 1440 983 eum-

89 1014 170 1054 que
203 1000 359 1041 comite
397 999 566 1041 Iuliano
612 1002 757 1040 secuto
796 999 952 1053 uulgus
996 1001 1192 1054 publicos
1232 1003 1438 1042 contuens
1459 1013 1492 1040 1⁵

88 1058 241 1099 titulos
273 1057 462 1099 Felicem
494 1058 711 1099 Iulianum
749 1057 1079 1113 Augustumque
1117 1059 1441 1112 pronuntiabat.

89 1117 129 1158 6.
159 1120 453 1170 praecesserat
485 1116 602 1158 aliud
634 1131 820 1157 saeuum.
882 1131 1065 1171 namque
1106 1117 1301 1158 kalendis
1334 1117 1439 1171 ipsis

90 1175 295 1216 ianuariis
335 1175 588 1217 ascendente
623 1189 671 1216 eo
711 1175 875 1228 gradile
908 1174 1034 1216 Genii
1071 1176 1280 1230 templum
1318 1190 1339 1216 e
1378 1190 1443 1217 sa-

92 1233 312 1275 cerdotum
357 1235 573 1275 consortio
622 1233 795 1287 quidam
839 1234 990 1275 ceteris
1036 1234 1277 1275 diuturnior
1320 1233 1441 1276 nullo

90 1292 291 1346 pulsante
334 1295 510 1346 repente
549 1292 734 1333 concidit
774 1292 1042 1347 animamque
1084 1293 1301 1347 insperato
1341 1307 1442 1335 casu
1460 1308 1495 1333 20

91 1350 268 1405 efflauit,
301 1351 412 1405 quod
445 1351 663 1392 adstantes
685 1374 739 1379 -—-
760 1351 971 1392 incertum
1001 1366 1077 1405 per
1110 1351 1356 1405 inperitiam
1389 1365 1444 1392 au

91 1409 293 1451 adulandi
307 1410 541 1463 cupiditate
557 1435 610 1439 —
626 1409 923 1451 memorabant
938 1409 1161 1451 consulum
1175 1409 1335 1451 seniori
1348 1423 1444 1463 por-

91 1468 210 1508 tendi
254 1468 457 1509 nimirum
490 1467 713 1522 Sallustio,
757 1468 830 1509 sed
862 1471 909 1509 ut
947 1469 1147 1522 apparuit
1184 1483 1270 1509 11011
1311 1467 1442 1509 aetati

93 1526 167 1567 sed
199 1527 405 1580 potestati
426 1527 580 1568 maiori
612 1527 835 1567 interitum
867 1527 1155 1581 propinquare
1176 1526 1443 1567 monstraba-

92 1587 176 1625 tur.
240 1586 276 1626 7.
309 1600 435 1639 super
472 1585 539 1626 his
579 1585 666 1626 alia
698 1599 864 1638 quoque
897 1585 1064 1626 minora
1101 1585 1224 1639 signa
1265 1584 1443 1626 subinde
1463 1593 1496 1620 2⁶
1559 1634 1563 1642 Ι

94 1643 195 1697 quid
227 1643 439 1685 accideret
479 1643 773 1684 ostendebant.
836 1644 947 1684 inter
987 1645 1079 1697 ipsa
1117 1644 1232 1684 enim
1270 1643 1445 1684 exordia

92 1701 337 1755 procinctus
370 1701 562 1743 Parthici
589 1701 841 1755 disponendi
874 1703 1119 1743 nuntiatum
1151 1705 1216 1742 est
1238 1700 1445 1743 Constan-

93 1759 326 1813 tinopolim
364 1764 503 1802 terrae
542 1760 670 1814 pulsu
708 1760 941 1801 uibratam:
981 1761 1093 1814 quod
1131 1760 1284 1801 horum
1315 1759 1444 1813 periti

95 1818 236 1859 minus
270 1819 430 1860 laetum
451 1833 542 1860 esse
575 1818 916 1872 pronuntiabant
936 1819 1075 1861 aliena
1106 1818 1338 1872 peruadere
1358 1832 1445 1859 mo-

97 1876 220 1918 lienti
257 1877 424 1919 rectori.
486 1878 664 1931 ideoque
703 1877 1006 1931 intempestiuo
1046 1880 1200 1919 conatu
1238 1877 1498 1918 desisteres«)

98 1935 346 1990 suadebant,
378 1936 440 1978 ita
471 1936 640 1977 demum
672 1935 775 1977 haec
808 1938 851 1976 et
883 1936 1044 1977 similia
1076 1935 1291 1978 contemni
1324 1948 1445 1989 opor-

98 1995 188 2034 tere
209 1994 442 2048 firmantes,
474 2009 569 2036 cum
601 1994 868 2036 inruentibus
901 1995 1031 2036 armis
1053 1994 1237 2036 externis
1271 1993 1340 2035 lex
1360 2008 1446 2035 una

99 2052 156 2093 sit
187 2054 230 2093 et
260 2056 477 2107 perpetua,
510 2053 693 2094 salutem
726 2053 842 2094 omni
875 2054 1040 2095 ratione
1068 2052 1303 2105 defendere,
1335 2051 1445 2093 nihil

102 2146 385 2176 ἭᾶΤ-

154 2195 235 2219 ores
260 2189 360 2222 eozda
365 2196 463 2218 ssum
490 2185 560 2219 GA
586 2185 814 2219 inexcessum
837 2184 924 2219 VPb
970 2189 991 2218 4
1016 2185 1205 2228 inceptum
1233 2185 1304 2218 GA
1329 2184 1444 2218 incer-

152 2228 370 2275 latrocinii
381 2229 428 2263 ad
448 2240 485 2263 se
503 2228 536 2264 G
561 2229 683 2263 adiem
705 2229 771 2264 VP
821 2234 861 2263 14
885 2228 1069 2273 profluuio
1092 2248 1135 2254 —
1162 2233 1202 2263 15
1220 2228 1355 2263 comite
1377 2237 1444 2261 om.

151 2276 269 2310 secuti
288 2277 355 2322 ὐφ’
363 2256 430 2307 .ite
448 2283 515 2309 om.
535 2274 568 2308 G
638 2274 707 2308 *17
733 2276 987 2318 praecesserat
1013 2273 1046 2308 G
1071 2274 1306 2317 processerat
1335 2271 1447 2307 VPba

334 2318 367 2352 G
398 2329 416 2352 e
442 2322 527 2353 ante
550 2318 784 2354 sacerdotum
808 2319 845 2352 A
876 2322 1053 2362 tran-epos.
1077 2321 1164 2353 ante
1209 2317 1281 2362 (19)
1308 2315 1441 2351 ceteris

310 2367 352 2398 24
376 2362 653 2398 monstrabatur
677 2363 712 2398 A
737 2362 994 2398 monstrabant
1022 2361 1132 2407 17qu
