1614 2549
588 83 819 120 IVLIANVS
836 88 901 121 362
1338 85 1423 129 295

70 181 319 233 motumque
351 178 397 219 in
429 178 563 219 animi
594 179 784 220 retinens
816 182 1034 234 potestate
1067 179 1295 221 sollemnia
1315 181 1421 222 cele-

71 237 237 279 brabat.

188 297 227 337 4.
258 295 455 351 Denique
486 297 744 351 praestituto
777 297 981 338 feriarum
1014 297 1081 338 die
1102 295 1276 339 Casium
1304 311 1422 340 mon-

71 357 161 396 tem
193 355 386 396 ascendit
415 371 691 397 nemorosum
724 360 768 398 et
798 358 928 397 tereti
960 356 1126 397 ambitu
1158 357 1203 397 in
1236 356 1420 398 sublime

35 433 52 459 5
71 416 328 468 porrectum,
348 415 457 456 unde
480 415 673 456 secundis
695 415 928 469 galliciniis
949 415 1118 456 uidetm·
1143 415 1282 469 primo
1316 415 1420 457 solis

71 475 257 514 exortus.
319 488 497 528 cumque
535 473 631 515 Ioui
673 474 835 515 faceret
872 489 963 514 rem
1001 473 1204 527 diuinam7
1246 477 1421 528 repente

70 533 296 586 conspexit
340 533 552 587 quendam
596 533 716 574 humi
759 535 1043 587 prostratum,
1089 533 1273 587 supplici
1316 547 1419 575 uoce

70 591 208 632 uitam
244 594 493 645 precantem
526 595 569 633 et
600 592 783 634 ueniam.
844 592 1218 646 interrogantique
1257 592 1308 646 ei,
1349 592 1422 647 qui

72 652 198 703 esset,
228 665 482 704 responsum
503 654 568 692 est
598 651 887 704 praesidalem
915 666 1007 692 esse
1029 650 1302 692 Theodotum
1321 650 1422 692 Hie-

17 728 51 753 10
70 708 376 763 rapolitanum‚
407 710 478 762 qui
508 710 748 764 profectum
771 725 795 751 a
815 710 991 751 ciuitate
1025 725 1101 751 sua
1122 708 1422 751 Constantium

70 767 185 809 inter
206 768 441 810 honoratos
463 769 672 810 deducens
695 769 905 810 adulando
927 769 1178 810 deformiter
1198 771 1422 823 tamquam

69 826 262 868 futurum
295 828 385 869 sine
419 828 639 869 dubietate
671 829 892 881 uictorem,
925 828 1078 869 orabat
1108 828 1308 869 lacrimas
1346 827 1422 868 fin-

70 898 176 939 gens
210 888 252 927 et
283 887 494 941 gemitum
525 889 573 928 ut
592 887 751 928 Iuliani
783 887 833 928 ad
863 901 934 928 eos
956 887 1150 927 mitteret
1172 889 1298 939 caput
1330 900 1423 940 per-

70 945 226 986 duellis
259 945 434 1000 ingrati,
467 946 607 1000 specie
639 945 728 999 illa,
761 960 846 999 qua
864 945 1090 1000 Magnenti
1122 944 1422 987 circumlatum

15 1021 50 1047 15
70 1004 326 1046 meminerat
345 1005 598 1046 membrum.
661 1005 699 1046 5.
721 1004 874 1059 quibus
903 1004 1059 1045 auditis
1080 1003 1247 1057 ‘accepi'
1268 1004 1422 1058 inquit,

70 1062 176 1103 olim
207 1062 300 1104 ‘hoc
332 1064 504 1104 dictum'
538 1064 775 1118 imperator
806 1062 1028 1104 ‘relatione
1061 1063 1309 1115 multorum,
1349 1062 1422 1103 sed

70 1122 141 1163 abi
174 1136 346 1164 securus
368 1122 421 1164 ad
452 1122 578 1176 lares,
611 1125 763 1164 exutus
785 1122 901 1163 omni
920 1125 1038 1163 metu
1060 1121 1290 1163 clementia
1308 1121 1423 1175 prin-

69 1181 190 1234 cipis,
211 1181 284 1235 qui
298 1185 346 1222 ut
358 1182 545 1235 prudens
560 1181 756 1222 definiuit
771 1181 1045 1222 inimicorum
1065 1181 1256 1221 minuere
1277 1194 1423 1222 nume-

68 1254 165 1281 rum
185 1253 425 1294 augereque
442 1241 677 1282 amicorum
692 1243 844 1294 sponte
867 1254 944 1281 sua
959 1239 1181 1281 contendit
1196 1253 1244 1280 ac
1258 1239 1422 1280 libens.y

14 1317 50 1342 20
190 1299 228 1340 6.
260 1299 376 1340 Exin
409 1313 628 1340 sacrorum
660 1299 851 1353 perfecto
884 1299 972 1340 ritu
1009 1299 1203 1353 digresso
1245 1298 1425 1339 offerun-

69 1360 141 1398 tur
184 1358 364 1399 rectoris
408 1357 603 1413 Aegypti
648 1358 827 1412 scripta,
872 1357 1004 1411 Apim
1042 1358 1198 1399 bouem
1242 1371 1424 1410 operosa

70 1416 314 1470 quaesitum
352 1417 564 1458 industria
601 1420 749 1458 tamen
785 1418 886 1471 post
924 1419 1095 1470 tempus
1132 1415 1319 1457 inueniri
1349 1429 1424 1470 po-

67 1476 202 1516 tuisse
235 1475 461 1530 firmantis,
501 1476 614 1530 quod
646 1478 693 1517 ut
726 1490 871 1517 earum
913 1476 1140 1530 regionum
1173 1474 1425 1516 existimant

68 1534 234 1576 incolae
266 1534 457 1576 faustum
491 1538 532 1576 et
564 1535 807 1576 uberta-tem
838 1534 1011 1589 frugum
1035 1534 1286 1588 diuersaque
1319 1533 1425 1574 indi-

15 1610 51 1637 25
72 1596 140 1634 cat
171 1594 297 1635 bona.

189 1653 226 1694 7.
259 1651 396 1706 Super
429 1667 512 1707 qua
543 1667 588 1693 re
621 1667 755 1706 pauca
788 1652 1016 1693 conueniet
1048 1651 1250 1705 expediri.
1312 1650 1426 1692 inter

70 1711 277 1753 animalia
321 1711 510 1766 antiquis
556 1711 932 1752 obseiuationibus
973 1712 1223 1752 consecrata
1254 1708 1424 1751 Mneuis

70 1772 114 1811 et
133 1770 242 1824 Apis
275 1773 375 1812 sunt
405 1770 596 1813 notiora:
628 1769 796 1811 Mneujs
819 1769 912 1811 Soli
945 1771 1151 1822 sacratur,
1185 1783 1313 1822 super
1341 1782 1425 1822 quo

69 1828 182 1870 nihil
225 1829 382 1871 dicitur
422 1829 719 1881 memorabile3
765 1843 947 1882 sequens
986 1827 1142 1869 Lunae.
1206 1830 1272 1868 est
1312 1826 1426 1868 enim

14 1905 50 1932 30
71 1886 181 1942 Apis
213 1888 292 1929 bos
325 1888 507 1930 diuersis
540 1862 799 1942 genitalium
830 1890 1033 1928 notarum
1073 1886 1224 1940 figuris
1259 1899 1427 1940 expres-

72 1961 162 2001 sus,
207 1947 477 2002 maximeque
523 1947 714 1988 omnium
759 1945 1067 1987 corniculantis
1112 1945 1239 1986 lunae
1285 1943 1427 1998 specie

161 2119 180 2149 3
206 2114 365 2149 cassium
394 2114 462 2150 VP
511 2119 551 2149 10
577 2115 690 2158 quiG
707 2124 774 2149 om.
797 2113 909 2149 VPba
957 2113 1192 2157 praefectum
1215 2112 1282 2147 ‘rba
1331 2116 1371 2146 13
1386 2112 1427 2145 ut

67 2170 91 2204 9
107 2160 146 2193 et
164 2159 233 2194 VP
250 2160 280 2194 85
297 2160 340 2194 ut
358 2160 402 2195 ba
463 2164 503 2194 14
527 2159 722 2194 mandenti
739 2159 783 2194 ba
830 2162 872 2193 16
899 2158 987 2193 olim
1011 2158 1136 2202 inquit
1159 2161 1339 2201 transpos
1364 2157 1428 2200 νὸς]

72 2238 279 2282 imperator
295 2247 360 2275 om.
381 2238 414 2273 G
462 2238 533 2272 *17
559 2213 663 2281 diets}
686 2237 720 2272 V
780 2241 821 2273 18
847 2238 1016 2271 minuere
1031 2236 1198 2287 V³Pb9a
1221 2236 1352 2270 iuuere
1383 2234 1415 2267 V
1418 2236 1428 2256 ¹

72 2286 115 2316 ‘³1
129 2293 318 2317 sacrorum
334 2283 367 2317 G
380 2273 575 2317 uectoruni
583 2273 662 2317 VP
708 2283 778 2316 *21
794 2281 904 2326 Apim
920 2283 987 2326 bya
999 2281 1078 2326 pim
1096 2281 1165 2316 VP
1205 2285 1249 2315 24
1265 2280 1429 2314 faustum

75 2332 130 2362 est
160 2332 193 2363 et
219 2332 347 2372 postea
376 2327 544 2363 indicans
568 2328 704 2371 Haupt
817 2331 860 2361 27
896 2326 1042 2361 Mneuis
1080 2325 1151 2361 GA
1187 2325 1332 2360 neumis
1362 2323 1430 2359 VP

74 2371 203 2406 Nemis
227 2373 248 2408 b
340 2373 411 2408 *28
435 2372 563 2407 Mneui
567 2385 582 2407 s
610 2373 681 2408 GA
751 2372 857 2407 neuis
886 2371 929 2406 1¹
963 2372 1108 2406 neumis
1129 2371 1212 2406 V2P
1237 2369 1383 2404 Meuius
1408 2369 1428 2405 b
