1573 2508
125 77 182 119 66
653 70 720 106 XV
745 74 778 112 8,
806 73 938 106 13—22

87 218 92 226 ι
126 168 345 212 nobilitati
367 167 471 209 mihi
496 165 773 220 propinquae,
805 180 933 220 quam
965 165 1059 218 ipsa
1090 165 1303 218 potestate
1323 162 1471 204 uideor

127 243 219 271 esse.
240 227 449 269 sublimis.
486 225 550 266 13.
565 224 711 265 adesto
731 224 864 278 igitur
884 224 1082 265 laborum
1101 221 1472 277 periculorumque

128 287 342 342 particeps
373 288 416 326 et
435 283 616 324 tutelam
636 282 865 324 ministerii
886 281 1051 335 suscipe
1073 280 1324 334 Galliarum,
1354 279 1472 321 omni

127 344 410 387 beneficentia
422 344 565 397 partes
585 342 802 383 leuaturus
818 341 1028 382 adflictas:
1049 343 1093 380 et
1109 339 1146 380 si
1166 339 1363 381 hostibus
1377 352 1473 380 con-

129 404 249 454 gredi
265 404 322 444 sit
331 416 516 454 necesse,
527 401 611 442 fixo
627 400 763 455 gradu
774 400 959 441 consiste
976 399 1087 439 inter
1101 397 1330 452 signiferos
1346 397 1474 451 ipsos,
1491 406 1510 433 5

131 462 311 504 audendi
348 462 393 502 in
425 464 616 514 tempore
649 459 939 500 consideratus
980 457 1194 510 hortator,
1232 458 1474 510 pugnantes

130 520 362 562 accendens
395 518 635 573 praeeundo
669 518 913 559 cautissime
954 516 1233 571 turbatosque
1274 514 1475 556 subsidiis

130 580 330 632 fulciens,
368 578 556 619 modeste
594 577 817 630 increpans
850 576 1034 628 desides,
1072 573 1320 615 uerissimus
1352 572 1475 614 testis

131 638 352 679 adfuturus
374 636 594 677 industriis
615 639 658 675 et
676 635 858 688 ignauis.
913 634 976 676 14.
1009 633 1187 687 proinde
1210 635 1387 686 urgente
1413 631 1476 672 rei

132 696 426 752 magnitudine
469 707 599 748 perge
644 694 710 734 uir
753 693 877 734 fortis
922 693 1122 733 ducturus
1168 692 1282 732 uiros
1326 690 1475 731 itidem
1497 700 1530 725 10

132 756 277 797 fortes.
340 754 552 794 aderimus
590 752 714 793 nobis
746 752 939 792 uicissim
977 751 1134 792 amoris
1173 750 1351 791 robusta
1383 762 1478 790 con-

133 814 311 866 stantia,
343 811 626 852 militabimus
660 810 806 862 simul,
839 825 921 851 una
952 809 1100 851 orbem
1128 811 1346 862 pacatum,
1376 807 1478 848 deus

134 873 258 913 modo
290 871 397 912 uelit
431 870 542 924 quod
575 884 757 922 oramus,
789 869 881 922 pari
914 867 1204 909 moderatione
1234 864 1502 920 pietateque'⁸

134 931 302 972 recturi.
348 943 513 970 mecum
545 928 701 982 ubique
735 928 946 969 uideberis
979 941 1181 981 praesens
1214 928 1256 966 et
1287 937 1367 979 ego
1398 924 1479 966 tibi

134 990 426 1044 quodcumque
459 991 605 1028 acturo
638 1001 722 1027 non
755 987 892 1027 deero.
955 986 1006 1027 ad
1039 997 1249 1027 summam
1282 984 1294 1024 i
1326 984 1354 1036 i,
1386 997 1479 1037 pro·
1500 994 1533 1018 15

135 1063 236 1102 pera
274 1047 401 1088 sociis
441 1045 631 1087 omnium
670 1046 801 1098 uotis,
839 1045 958 1086 uelut
995 1044 1266 1098 adsignatam
1304 1042 1385 1083 tibi
1424 1041 1477 1082 ab

136 1108 229 1161 ipsa
259 1121 304 1146 re
343 1105 516 1159 publica
554 1104 785 1145 stationem
818 1118 919 1144 cura
957 1102 1162 1157 peruigili
1200 1100 1478 1143 defens1u·us.'

240 1164 304 1206 15.
316 1163 454 1205 Nemo
470 1167 568 1217 post
582 1162 687 1204 haec
702 1163 825 1203 finita
835 1161 1008 1203 reticuit
1021 1161 1094 1202 sed
1108 1161 1318 1202 militares
1333 1173 1479 1200 omnes
1495 1154 1503 1163 “

137 1223 346 1265 horrendo
378 1222 550 1276 fragore
583 1224 704 1263 scuta
737 1221 917 1275 genibus
951 1219 1178 1261 inlidentes
1200 1243 1254 1248 -—
1276 1218 1387 1273 quod
1416 1221 1482 1259 est

137 1281 435 1336 prosperitatis
468 1280 672 1321 indicium
703 1280 895 1334 plenum:
927 1293 1026 1320 nam
1047 1280 1195 1320 contra
1218 1292 1312 1319 cum
1344 1276 1481 1318 hastis
1501 1287 1535 1311 ²0

137 1341 263 1395 clipei
301 1339 529 1392 feriuntur,
575 1339 662 1380 irae
701 1338 1000 1379 documentum
1041 1341 1105 1378 est
1148 1339 1192 1377 et
1228 1335 1388 1377 doloris
1427 1359 1482 1364 —

138 1400 306 1441 inmane
339 1413 422 1452 quo
456 1399 699 1451 quantoque
732 1396 888 1451 gaudio
922 1399 1090 1449 praeter
1119 1408 1276 1449 paucos
1295 1393 1484 1448 Augusti

137 1458 372 1512 probauere
417 1456 619 1497 iudicium
663 1456 987 1511 Caesaremque
1023 1453 1303 1496 admiratione
1353 1452 1485 1507 digna

138 1516 430 1570 suscipiebant
479 1515 745 1568 imperatorii
790 1513 961 1555 muricis
1006 1513 1173 1567 fulgore
1219 1511 1485 1565 flagrantem.

141 1576 206 1616 16.
234 1574 352 1615 cuius
378 1574 524 1617 oculos
546 1588 640 1614 cum
662 1575 884 1614 uenustate
906 1571 1122 1613 terribiles
1142 1571 1395 1625 uultumque
1416 1585 1483 1611 ex·
1502 1580 1537 1605 25

140 1633 311 1675 citatius
345 1636 517 1686 gratum
537 1632 608 1672 diu
630 1632 894 1685 multumque
921 1633 1181 1682 contuentes,
1213 1629 1284 1683 qui
1317 1628 1484 1670 futurus

139 1693 197 1733 sit
228 1691 494 1745 colligebant
525 1691 643 1731 uelut
663 1690 866 1731 scrutatis
888 1689 1103 1730 ueteribus
1137 1688 1272 1740 libris,
1303 1701 1484 1742 quorum

141 1751 268 1791 lectio
308 1764 383 1803 per
420 1763 645 1802 corporum
686 1749 811 1801 signa
842 1748 992 1801 pandit
1029 1748 1267 1788 animorum
1306 1746 1485 1787 interna.

141 1823 320 1863 eumque
366 1812 412 1848 ut
456 1808 612 1861 potiori
660 1807 899 1848 reuerentia
939 1809 1200 1859 seruaretur,
1246 1819 1320 1846 nec
1358 1818 1487 1858 supra

143 1867 311 1909 modum
345 1866 581 1908 laudabant
612 1881 688 1907 nec
722 1867 832 1906 infra
864 1880 990 1920 quam
1023 1864 1212 1917 decebat,
1244 1867 1371 1918 atque
1392 1862 1486 1904 ideo
1505 1873 1540 1899 8⁰

142 1940 363 1967 censorum
384 1940 510 1966 uoces
531 1930 631 1965 sunt
651 1925 912 1976 aestimatae,
931 1939 1015 1965 non
1038 1924 1237 1964 militum.
1273 1923 1336 1964 17.
1351 1935 1487 1963 susce-

141 1989 238 2038 ptus
284 1984 465 2037 (lenique
512 1984 561 2025 ad
607 1998 850 2024 consessum
892 1982 1076 2023 uohienli
1122 1985 1399 2035 receptusque
1443 1979 1488 2021 in

232 2173 251 2201 4
284 2168 450 2201 hostibus·
476 2169 576 2211 I’Iefm
609 2167 802 2202 hostilibus
843 2167 872 2199 V
978 2167 1021 2201 ‘7
1054 2165 1259 2201 accendens
1294 2165 1347 2200 sic
1383 2164 1486 2199 codd.

145 2212 317 2247 subsidiis
337 2212 404 2246 GA
432 2212 638 2246 subsidione
668 2211 756 2246 VPb
794 2215 814 2247 8
831 2211 997 2246 modeste
1041 2211 1108 2246 lac.
1133 2213 1154 2244 5
1179 2210 1265 2253 litt]
1290 2208 1321 2243 V
1367 2213 1406 2243 11
1423 2218 1486 2243 no-

143 2258 198 2291 bis
229 2256 332 2291 VGP
357 2255 462 2290 uobis
487 2257 532 2290 ha
617 2261 654 2290 15
679 2267 859 2290 summam
892 2255 901 2290 i
933 2256 945 2289 i
978 2255 1022 2289 V(
1048 2256 1143 2290 osius
1172 2264 1277 2288 suma
1299 2253 1391 2287 mihi
1420 2252 1488 2287 VP

144 2306 186 2336 22
211 2303 425 2346 quantaque
451 2301 588 2346 gaudia
613 2301 676 2336 Vl’
723 2304 765 2335 28
779 2301 985 2335 animorum
1002 2297 1485 2379 scripdtfluxlxuncodcl.

145 2351 187 2381 29
213 2345 475 2380 reuouerontia
505 2345 570 2380 VP
1076 2357 1078 2374 t
1110 2352 1113 2354 ’
1168 2384 1170 2386 v
1224 2355 1270 2385 ,1-1.
1321 2340 1353 2378 W
1388 2341 1450 2389 sz
