1573 2508
115 78 198 121 328
613 75 737 111 xxm
761 79 793 119 6,
820 79 956 111 34-44

116 170 303 212 tradimt.
353 170 422 212 34.
443 184 492 210 ex
526 183 574 210 eo
607 184 682 224 per
713 169 886 211 saecula
910 169 1047 211 multa
1070 169 1121 211 ad
1147 183 1348 224 praesens
1379 184 1465 212 una

119 229 349 283 eademque
387 227 587 282 prosapia
625 228 858 270 multitudo
891 232 1035 270 creata
1064 228 1237 270 deorum
1275 228 1464 270 cultibus

119 288 348 329 dedicatur.
409 287 648 341 feruntque,
680 286 715 327 si
736 287 895 328 iustum
917 289 982 327 est
1002 286 1127 340 credi,
1159 287 1291 329 etiam
1317 287 1465 342 ignem

120 346 297 387 caelitus
335 345 503 399 lapsum
536 345 645 399 apud
678 359 722 386 se
755 345 1025 399 sempiternis
1063 345 1217 386 foculis
1250 344 1466 399 custodiri,

120 405 238 445 cuius
270 404 512 458 portionem
540 404 738 458 exiguam
758 406 806 445 ut
836 403 1023 445 faustam
1042 403 1232 458 praeisse
1253 403 1467 458 quondam
1484 417 1502 444 5
1548 394 1560 442 .”

121 462 326 504 Asiaticis
359 462 532 516 regibus
566 461 723 503 dicmit.
785 462 853 503 35.
886 461 1011 503 huius
1045 461 1222 516 originis
1256 462 1369 516 apud
1399 475 1468 503 ue-

121 527 233 563 teres
266 534 467 562 numerus
500 526 592 562 erat
625 521 748 562 exilis
782 522 954 575 eiusque
987 520 1239 562 ministeriis
1271 520 1468 562 Persicae

123 582 363 634 potestates
402 580 447 620 in
483 579 687 620 faciendis
726 579 854 620 rebus
886 579 1043 620 diuinis
1082 579 1350 620 sollemniter
1379 581 1469 620 ute-

122 638 291 679 bantur.
341 641 515 692 eratque
547 637 762 691 piaculum
783 653 878 679 aras
912 637 1028 679 adire
1053 637 1122 679 uel
1154 637 1342 679 hostiam
1374 651 1470 679 con-

123 699 308 738 trectare
342 700 571 750 antequam
591 710 744 751 magus
765 696 981 750 conceptis
1013 696 1331 750 precationibus
1364 695 1469 737 liba-

124 757 270 796 menta
302 755 555 796 diffunderet
586 754 891 809 praecursoria.
942 769 1090 796 uerum
1117 755 1231 796 aucti
1261 754 1470 809 paulatim

124 814 169 855 in
201 813 527 867 amplitudinem
559 814 700 867 gentis
734 813 895 855 solidae
916 815 1216 855 concesserimt
1241 817 1284 854 et
1314 826 1472 854 nomen

124 872 338 927 uillasque
369 871 662 913 inhabitantes
694 872 815 913 nulla
835 886 1054 913 murorum
1083 871 1345 913 firmitudine
1377 885 1472 912 eon-

125 930 313 972 munitas
347 934 390 972 et
421 931 591 985 legibus
613 931 700 972 suis
721 931 785 971 uti
815 931 1014 984 permissi
1034 930 1257 985 religionis
1277 932 1473 984 respectu

127 992 227 1030 sunt
264 989 477 1030 honorati.
539 990 606 1030 36.
639 1004 689 1030 ex
727 989 807 1030 hoc
847 1002 1069 1043 magorum
1109 989 1270 1031 semine
1309 991 1474 1042 septem

125 1051 225 1102 post
263 1050 447 1089 mortem
486 1046 711 1102 Cambysis
750 1061 931 1102 regnum
967 1048 1098 1088 inisse
1129 1047 1328 1089 Persidos
1366 1046 1474 1088 anti-

127 1107 199 1161 qui
231 1110 470 1147 memorant
501 1106 601 1147 libri
623 1106 823 1147 docentes
845 1120 915 1147 eos
936 1105 1066 1147 Darei
1097 1106 1282 1147 factione
1303 1119 1475 1160 oppres-

127 1179 209 1219 sos,
242 1165 517 1219 imperitandi
549 1165 720 1206 initium
753 1164 907 1219 equino
940 1163 1111 1206 hinnitu
1143 1164 1297 1206 sortiti.

247 1224 316 1264 37.
347 1223 398 1264 ln
429 1223 508 1264 hac
542 1224 717 1278 regione
738 1224 879 1265 oleum
901 1223 1122 1265 conficitur
1141 1223 1366 1277 Medicum,
1391 1236 1473 1277 quo

128 1282 300 1323 inlitum
350 1281 497 1336 telum,
543 1282 578 1323 si
623 1283 825 1323 emissum
871 1282 1027 1323 lentius
1078 1281 1240 1323 laxiore
1284 1295 1382 1322 arcu
1417 1304 1473 1310 —

128 1355 228 1382 nam
265 1341 353 1382 ictu
393 1341 660 1395 extinguitur
697 1341 843 1395 rapido
876 1365 933 1369 —
964 1340 1151 1382 haeserit
1189 1353 1378 1395 usquam,
1415 1342 1475 1381 te-

131 1400 295 1440 naciter
328 1403 500 1453 cremat,
534 1403 576 1440 et
609 1400 645 1441 si
678 1414 788 1454 aqua
820 1399 1007 1440 uoluerit
1039 1399 1211 1440 abluere
1237 1398 1476 1454 quisquam,

130 1462 272 1499 aestus
307 1458 465 1499 excitat
497 1459 681 1499 acriores
713 1458 1018 1511 incendiorum,
1048 1472 1125 1499 nec
1165 1457 1352 1499 remedio
1384 1456 1474 1498 ullo

131 1531 259 1571 qilam
302 1516 415 1558 iactu
460 1516 650 1571 pulueris
695 1517 953 1570 consopitur.
1015 1516 1083 1558 38.
1121 1519 1294 1570 paratur
1331 1518 1474 1557 autem

130 1575 210 1616 hoc
243 1575 382 1616 modo.
443 1575 583 1616 oleum
615 1590 716 1616 usus
749 1575 985 1616 communis
1023 1574 1157 1616 herba
1197 1574 1379 1628 quadam
1415 1573 1477 1614 in·

132 1634 291 1675 fectum
325 1634 528 1675 condiunt
559 1633 711 1674 harum
744 1648 887 1675 rerum
919 1633 1046 1686 periti
1067 1633 1117 1674 ad
1150 1632 1477 1674 diuturnitatem

133 1696 352 1734 seruantes
392 1696 434 1733 et
466 1692 707 1733 coalescens
746 1692 902 1733 durant
940 1706 990 1732 ex
1024 1692 1204 1733 materia
1242 1705 1374 1732 uenae
1405 1705 1477 1732 na-

132 1750 285 1792 turalis
331 1750 484 1791 similis
531 1751 625 1791 oleo
671 1751 887 1791 crassiori:
931 1764 1033 1803 quac
1077 1750 1238 1804 species
1283 1749 1477 1804 gignitur

134 1809 245 1863 apud
277 1808 444 1862 Persas,
489 1824 616 1863 quam
660 1813 707 1850 ut
746 1810 942 1863 diximus,
985 1808 1222 1863 naphthan]
1267 1807 1476 1850 uocabulo

133 1867 404 1921 appellauere
437 1868 603 1921 gentili.

253 1926 320 1967 39.
354 1926 436 1966 Per
460 1925 564 1968 haec
585 1926 680 1967 loca
711 1926 908 1967 ciuitates
941 1925 1156 1979 dispersae
1191 1928 1289 1966 sunt
1320 1924 1478 1979 plures,

136 1985 231 2039 quis
259 1985 455 2025 omnibus
487 1987 709 2038 praestant
736 1984 909 2026 Zombis
937 1988 979 2025 et
998 1984 1207 2038 Patigran
1239 1987 1281 2024 et
1301 1982 1478 2025 Gazaca.

226 2130 245 2162 3
272 2127 383 2161 etiam
417 2131 499 2171 post
536 2128 734 2172 feruntque
772 2131 910 2171 transp.
942 2127 1030 2172 rbya
1121 2131 1141 2163 8
1166 2127 1276 2161 rebus
1300 2125 1479 2162 faciendis

134 2175 274 2215 transp.
301 2172 406 2206 sza
478 2177 518 2205 14
543 2172 713 2216 permissi
742 2173 810 2206 (ιἈ
836 2172 1005 2217 permisis
1035 2172 1101 2207 VP
1171 2175 1212 2206 17
1243 2171 1418 2206 docentes
1445 2170 1480 2205 G

136 2217 312 2250 nocentes
389 2218 562 2250 uacantcs
588 2217 631 2251 ba
679 2221 721 2251 24
747 2217 845 2251 iactu
863 2219 931 2260 (-to
950 2218 982 2253 b)
1007 2217 1076 2259 bqa
1099 2217 1174 2251 ictu
1206 2216 1272 2250 VP
1320 2216 1390 2250 *26
1443 2226 1478 2249 e-

135 2260 222 2294 ritia
251 2259 317 2295 VP
341 2260 387 2294 ad
418 2260 519 2295 VGA
551 2263 589 2295 et
612 2261 669 2296 Pb
743 2262 812 2295 *27
839 2261 920 2295 duri
943 2254 1150 2304 VPssuene
1181 2259 1369 2295 naturalia
1429 2261 1479 2295 'P

135 2304 378 2339 benenatulia
414 2304 455 2338 V¹
573 2309 614 2340 28
645 2317 739 2340 cuae
774 2308 806 2340 (ι’
843 2316 910 2342 om.
947 2305 1048 2341 codd.
1164 2309 1207 2340 29
1238 2303 1404 2339 naitham
1433 2303 1477 2339 V¹

136 2349 316 2394 naptham
358 2349 439 2384 1⁷²1)
531 2354 572 2385 32
597 2320 774 2395 Patigran
806 2351 837 2384 V
857 2350 1011 2396 Patigra
1037 2350 1069 2385 G

1490 710 1523 736 10

1493 1002 1526 1029 15

1494 1295 1528 1320 20

1496 1585 1530 1612 25
