1614 2549
528 65 867 102 cousrAnrivs
896 71 962 103 355
1360 69 1415 111 63

67 160 351 216 nequicquam
382 163 642 216 implorante
673 163 830 217 uulgus
863 177 987 204 omne
1024 163 1154 217 paulo
1188 164 1286 204 ante
1319 177 1414 205 con·
1476 192 1482 201 .

67 219 224 261 fertum
260 235 338 274 per
369 221 490 262 uaria
527 221 646 262 urbis
679 222 871 263 membra
910 221 1109 263 diffusum
1145 222 1209 262 ita
1241 223 1415 263 euanuit

66 281 115 319 ut
149 279 373 321 turbarum
405 280 635 321 acerrimus
668 281 858 322 concitor
895 283 1115 335 tamquam
1146 280 1192 321 in
1221 280 1413 321 iudiciali

67 340 230 378 secreto
270 339 454 393 exaratis
494 339 700 380 lateribus
741 339 794 380 ad
830 339 1036 380 Picenum
1075 339 1299 392 eiceretur,
1336 339 1411 380 ubi

28 410 44 435 5
63 398 216 450 postea
253 411 380 439 ausus
419 398 582 452 eripere
620 398 804 452 uirginis
842 412 929 439 non
966 398 1173 439 obscurae
1203 398 1410 451 pudorem

62 453 259 496 Patruini
292 457 528 498 consularis
556 457 771 498 sent-entia
803 456 1012 511 supplicio
1046 459 1111 497 est
1133 457 1309 510 capitali
1341 457 1410 497 ad-

62 513 213 555 (lictus.

180 573 217 614 6.
249 572 341 615 Hoc
369 574 696 615 administrante
715 574 897 616 Leontio
918 574 1115 615 Liberius
1137 572 1407 615 Christianae

60 630 170 685 legis
209 633 387 674 antistes
428 648 451 674 a
485 631 738 674 Constantio
771 634 823 674 ad
857 633 1109 675 comitatum
1141 632 1257 673 mitti
1288 647 1408 686 prae-

7 704 40 729 10
60 692 207 744 ceptus
240 694 305 732 est
335 694 555 746 tamquam
586 692 878 746 imperatoriis
901 692 1027 733 iussis
1049 694 1092 732 et
1122 691 1407 746 plurimorum

60 749 126 790 sui
163 751 427 794 consortium
465 751 644 792 decretis
685 751 982 801 obsistens,m
1018 765 1082 803 re,
1125 765 1253 804 quam
1284 749 1407 791 breui

58 810 177 849 textu
198 814 456 863 percurram.
497 810 532 850 7.
565 809 853 851 Athanasium
874 810 1120 864 episcopum
1141 824 1189 850 eo
1210 811 1402 862 tempore

7 894 12 898 -
59 867 170 920 apud
207 868 514 910 Alexandriam
551 869 665 910 ultra
707 868 1020 922 professionem
1059 868 1189 909 altius
1229 881 1272 908 se
1312 867 1406 907 effe-

32 928 223 967 rentem
260 927 490 982 scitarique
529 930 728 969 conatum
767 930 959 981 externa,
997 930 1045 968 ut
1081 925 1306 980 prodidere
1337 940 1404 966 ru-

0 998 37 1023 ,15
56 999 196 1026 mores
230 985 407 1039 adsidui,
439 988 584 1028 coetus
616 986 661 1027 in
692 1001 823 1028 unum
856 986 1072 1041 quaesitus
1099 985 1289 1026 eiusdem
1320 984 1404 1025 loci

0 1040 1 1058 ¹
56 1043 288 1086 multorum
308 1070 363 1074 —
385 1046 570 1099 synodus
601 1048 649 1087 ut
676 1046 898 1100 appellant
917 1070 972 1074 —
995 1044 1180 1086 remouit
1212 1059 1236 1084 a
1267 1058 1404 1085 sacra-

55 1106 198 1144 mento
232 1104 344 1158 quod
377 1104 611 1157 optinebat.
662 1105 699 1146 8.
732 1105 952 1146 dicebatur
984 1104 1098 1145 enim
1130 1103 1403 1144 fatidicarum

56 1162 235 1203 sortium
272 1162 417 1216 fidem,
462 1178 622 1218 quaeue
663 1163 889 1218 augurales
933 1162 1238 1217 portenderent
1276 1161 1401 1202 alites

55 1221 336 1262 scientissime
388 1222 568 1275 callens,
619 1222 877 1276 aliquotiens
926 1221 1189 1276 praedixisse
1238 1220 1400 1261 futura:

17 1293 35 1318 o
54 1293 180 1333 super
199 1279 266 1321 his
287 1281 619 1322 intendebantur
639 1281 678 1322 ei
708 1281 794 1322 alia
815 1294 980 1335 quoque
1004 1296 1027 1322 a
1047 1279 1268 1334 proposito
1290 1278 1400 1332 legis

53 1338 344 1393 abhorrentia,
366 1340 432 1381 cui
446 1340 731 1396 praesidebat.
764 1340 803 1381 9.
823 1339 935 1381 hunc
948 1353 1024 1393 per
1039 1338 1401 1391 subscriptionem

53 1397 220 1439 abicere
253 1398 351 1439 sede
385 1399 641 1440 sacerdotali
673 1398 796 1452 paria
828 1399 1015 1440 sentiens
1043 1397 1195 1439 ceteris
1227 1396 1400 1437 iubente

50 1455 244 1511 principe
282 1457 480 1499 Liberius
520 1458 728 1508 monitus,
772 1460 1097 1511 perseueranter
1134 1455 1400 1497 renitebatur

50 1529 129 1556 nec
160 1516 300 1557 uisum
332 1515 550 1557 hominem
582 1531 660 1558 nec
693 1516 884 1558 auditum
916 1516 1117 1557 damnare
1148 1514 1268 1555 nefas
1301 1513 1399 1554 ulti-

50 1588 166 1615 mum
217 1589 345 1629 saepe
397 1576 659 1629 exclamans,
710 1578 856 1630 aperte
907 1575 1072 1617 scilicet
1120 1572 1398 1615 recalcitrans

50 1632 324 1687 imperatoris
346 1634 538 1676 arbitrio.
573 1635 638 1676 10.
658 1635 702 1676 id
723 1635 838 1676 enim
860 1635 947 1688 ille,
968 1632 1209 1675 Athanasio
1232 1645 1398 1685 semper

49 1691 231 1733 infestus
264 1692 367 1734 licet
399 1694 530 1735 sciret
560 1694 803 1748 impletum,
835 1696 981 1735 tamen
1013 1692 1267 1734 auctoritate
1300 1704 1399 1744 quo-

49 1765 129 1805 que
170 1752 338 1805 potiore
372 1754 572 1793 aeternae
604 1753 722 1794 urbis
757 1753 947 1807 episcopi
984 1751 1148 1792 firmari
1187 1748 1397 1790 desiderio

47 1809 267 1851 nitebatur
305 1811 491 1852 ardenti:
531 1826 614 1866 quo
652 1826 740 1853 non
777 1812 1008 1865 impetrato
1041 1809 1238 1851 Liberius
1271 1820 1398 1861 aegre

12 1869 198 1922 opopuli
235 1872 370 1924 metu,
409 1870 482 1924 qui
520 1870 609 1911 eius
649 1885 794 1912 amore
833 1870 1064 1924 flagrabat,
1109 1882 1203 1909 cum
1242 1879 1399 1920 magna

48 1927 303 1969 difficultate
333 1929 472 1970 noctis
505 1929 645 1970 medio
677 1929 821 1983 potuit
854 1928 1078 1982 asportari.

166 1985 208 2028 8.
228 1988 264 2027 1.
282 1986 342 2028 Et
361 1987 467 2028 haec
482 1987 653 2041 quidem
665 1987 840 2041 Romae,
863 1990 907 2028 ut
920 1986 1108 2028 ostendit
1121 1986 1263 2026 textus
1278 1997 1398 2037 supe-

44 2044 146 2099 rior,
178 2045 429 2100 agebantur.
475 2044 776 2088 Coustantium
810 2060 910 2088 uero
932 2044 1212 2100 exagitabant
1231 2041 1398 2084 adsidui

43 2104 184 2145 nuntii
214 2104 461 2158 deploratas
494 2105 580 2145 iam
601 2104 764 2146 Gallias
786 2105 1022 2146 indicantes
1042 2103 1163 2145 nullo
1183 2101 1395 2143 renitente

136 2221 154 2251 1
178 2217 283 2262 pauli
312 2218 345 2253 V
412 2222 432 2254 3
457 2218 649 2253 iudicialia
677 2219 791 2255 VPba
866 2224 886 2255 6
913 2219 982 2264 est]
1012 2219 1047 2254 ei
1071 2218 1110 2253 id
1139 2217 1172 2251 V
1194 2217 1241 2251 ob
1265 2215 1305 2249 id
1330 2215 1397 2259 byca

41 2261 156 2306 periit
170 2262 347 2308 Eyssenh.
396 2268 438 2299 18
464 2263 620 2308 fidemq3
645 2265 708 2299 uel
737 2264 851 2300 VPba
898 2268 940 2299 26
965 2263 1141 2298 arbitrior
1161 2262 1196 2296 V
1240 2265 1281 2296 27
1306 2269 1395 2310 quo-

43 2317 115 2350 que
144 2307 213 2342 VP
236 2319 311 2352 qua
334 2309 402 2353 bya
460 2311 504 2343 28
527 2309 674 2353 potiore
705 2309 872 2345 Valesius
895 2309 1061 2355 potiores
1090 2307 1203 2352 Vqu
1261 2310 1304 2340 29
1327 2315 1395 2338 im-

41 2352 173 2396 perato
202 2352 237 2386 V
327 2358 370 2388 34
392 2353 516 2388 nuntii
540 2354 608 2399 bya
631 2364 696 2388 om.
723 2355 824 2390 codd.
931 2355 934 2359 ’

1603 167 1605 173 -
1601 77 1612 135 ςιῆ
1602 12 1610 54 ἢ,
