1614 2549
378 90 719 126 CONSTANTIVS
744 91 805 126 ET
830 91 1062 126 IVLIANVS
1086 95 1152 127 361
1356 95 1440 138 257

87 184 379 240 Gomoarium,
411 187 605 227 uenturis
638 186 683 227 in
715 185 948 228 Succorum
969 187 1193 241 angustias
1227 201 1441 241 opponen-

87 244 201 298 dum,
246 259 296 286 ea
338 259 383 286 re
423 245 521 286 aliis
561 245 813 297 antelatum,
847 245 959 299 quod
1002 249 1051 286 ut
1084 248 1357 300 contemptus
1394 247 1441 289 in

87 301 243 344 Galliis
276 306 369 344 erat
400 303 570 344 Iuliano
603 303 799 345 infestus.

208 360 280 403 14.
317 363 353 403 1.
384 361 436 403 In
466 362 547 404 hoc
567 377 712 404 rerum
731 362 1009 404 aduersarum
1041 363 1230 404 tumultu
1256 363 1438 406 haerens

87 420 178 461 eius
209 420 386 462 fortuna
417 422 505 462 iam
538 424 580 462 et
612 421 864 473 subsistens,
897 421 1127 462 aduentare
1149 436 1296 463 casum
1323 423 1439 464 uitae

87 478 320 534 difficilem,
358 480 485 521 modo
522 494 610 521 non
645 480 922 534 loquentibus
961 479 1098 534 signis
1137 484 1284 534 aperte
1321 496 1440 523 mon-

87 537 267 579 strabat.
327 553 513 593 namque
547 541 589 579 et
619 539 842 580 nocturnis
874 538 1138 592 imaginibus
1183 540 1440 593 terrebatur,

87 599 130 637 et
160 597 351 638 nondum
381 597 554 652 penitus
587 612 753 639 mersus
787 598 832 638 in
864 612 1060 639 somnum
1091 598 1292 639 umbram
1323 599 1438 640 uide-

31 684 34 687 *
84 658 155 696 rat
183 656 322 710 patris
354 656 565 698 obtulisse
603 657 831 710 pulchrum
868 656 1090 709 infantem,
1129 671 1308 711 eumque
1347 672 1435 698 sus-

32 729 66 754 10

32 1317 66 1342 20

85 716 256 768 ceptum
277 718 320 756 et
350 715 540 757 locatum
571 716 617 756 in
647 716 812 770 gremio
834 730 909 756 suo
930 730 1152 757 excussam
1185 715 1269 756 sibi
1298 716 1437 770 proie-

86 773 195 814 cisse
227 774 399 828 longius
433 774 679 828 sphaeram,
713 789 841 828 quam
872 774 963 828 ipse
997 775 1172 815 dextera
1203 788 1335 816 manu
1368 788 1438 829 ge-

87 832 244 874 stabat.
306 833 349 874 id
375 836 518 875 autem
548 833 913 887 permutationem
944 836 1187 886 temporum
1220 833 1438 875 indicabat

86 890 188 932 licet
231 891 566 946 interpretantes
610 892 826 946 placentia
868 892 1189 945 responderent.
1259 891 1298 932 2.
1340 894 1440 945 post

85 949 192 991 haec
213 951 432 992 confessus
453 954 518 992 est
538 951 822 992 iunctioribus
842 950 1064 1004 proximis,
1085 950 1198 1004 quod
1217 952 1440 1004 tamquam

51 1022 68 1047 5
87 1008 305 1050 desolatus
338 1013 551 1051 secretum
584 1009 748 1064 aliquid
779 1009 923 1050 uidere
946 1009 1132 1061 desierit,
1166 1009 1278 1063 quod
1310 1009 1440 1050 inter-

86 1067 190 1109 dum
222 1067 408 1109 adfuisse
442 1069 525 1109 sibi
559 1069 796 1123 squalidius
818 1068 1089 1121 aestimabat,
1123 1070 1166 1108 et
1198 1068 1435 1121 putabatur

87 1126 239 1180 genius
273 1141 365 1168 esse
399 1128 572 1182 quidam
604 1127 767 1168 tutelae
801 1127 953 1168 salutis
975 1126 1195 1180 adpositus
1223 1140 1322 1167 eum
1342 1126 1439 1168 reli-

87 1185 230 1239 quisse
263 1187 422 1228 mundo
452 1187 578 1228 citius
607 1186 914 1241 digressurum.
965 1186 1003 1227 3.
1022 1185 1166 1226 ferimt
1187 1185 1300 1226 enim
1320 1185 1440 1226 theo-

86 1243 178 1298 logi
210 1245 256 1285 in
287 1245 427 1286 lucem
448 1245 574 1286 editis
607 1245 854 1286 hominibus
882 1245 1045 1286 cunctis
1079 1244 1201 1285 salua
1231 1244 1439 1285 firmitate

87 1302 215 1344 fatali
246 1303 372 1345 huius
404 1304 521 1345 modi
554 1304 765 1358 quaedam
784 1304 906 1345 uelut
927 1306 1046 1344 actus
1066 1305 1238 1343 rectura
1262 1303 1440 1344 numina

85 1362 252 1416 sociari,
284 1363 514 1404 admodum
547 1365 695 1404 tamen
732 1362 1004 1417 paucissimis
1043 1362 1150 1416 uisa,
1189 1376 1294 1416 quos
1334 1361 1440 1403 mul-

83 1421 255 1474 tiplices
276 1436 431 1463 auxere
451 1422 649 1463 uirtutes.
699 1423 738 1462 4.
764 1422 891 1476 idque
913 1424 955 1462 et
976 1421 1150 1462 oracula
1177 1424 1219 1461 et
1240 1424 1435 1462 auctores

84 1479 263 1521 docuere
295 1481 519 1534 praeclari.
563 1481 675 1522 inter
697 1496 802 1535 quos
818 1483 883 1522 est
904 1480 1036 1521 etiam
1056 1479 1290 1520 Menander
1311 1479 1439 1521 comi-

87 1552 173 1592 cus,
207 1539 319 1593 apud
351 1553 477 1594 quem
508 1539 554 1580 hi
588 1540 745 1581 senarii
778 1540 859 1580 duo
892 1539 1114 1593 leguntur:

306 1595 465 1639 ἅπαντι
498 1599 672 1652 δαίμων
705 1594 835 1652 ἀνδρὶ
869 1599 1217 1652 συμπαρίσταται

300 1652 439 1706 εὐθὺς
468 1656 708 1714 γενομένῳ,
740 1653 1028 1711 μυσταγωγὸς
1058 1657 1138 1697 τοῦ
1170 1657 1285 1709 βίου.

86 1715 124 1757 5.
155 1715 307 1757 itidem
339 1729 386 1757 ex
419 1717 692 1771 sempiternis
723 1716 905 1758 Homeri
938 1715 1199 1757 carminibus
1239 1715 1439 1769 intellegi

86 1774 223 1828 datur,
255 1789 344 1816 non
375 1775 475 1817 deos
503 1775 710 1817 caelestes
731 1790 826 1816 cum
847 1774 952 1816 uiris
985 1774 1170 1816 fortibus
1192 1774 1439 1815 conlocutos

84 1847 163 1874 nec
207 1833 393 1876 adfuisse
437 1834 732 1889 pugnantibus
770 1834 840 1875 uel
879 1833 1052 1887 iuuisse,
1097 1833 1171 1874 sed
1207 1832 1437 1873 familiaris

178 1979 193 2008 1
222 1973 462 2009 Gomoarium
491 1973 524 2007 G
548 1973 781 2018 gemoarium
810 1972 926 2006 VPba
1001 1971 1039 2004 in
1060 1971 1093 2005 G
1116 1971 1173 2004 int
1193 1970 1261 2005 VP
1282 1971 1352 2004 unt
1374 1971 1440 2005 rba

86 2023 106 2053 7
137 2019 363 2063 imaginibus
397 2018 503 2053 VAP
532 2003 763 2063 temporibus
792 2017 1020 2062 imaginibus
1055 2017 1097 2051 ob
1133 2015 1367 2060 temporibus
1406 2015 1441 2050 G

85 2065 131 2098 *8
155 2065 289 2098 umbra
317 2064 386 2098 VP
454 2065 499 2098 *9
530 2063 770 2108 sepulchrum
799 2062 844 2095 V²
868 2047 1067 2106 pulchrum
1088 2061 1238 2105 V‘qua
1301 2064 1344 2094 14
1356 2072 1436 2094 iun-

86 2109 263 2142 ctioribus
286 2108 391 2143 VAP
411 2108 687 2142 conuictoribus
707 2109 750 2151 by
821 2110 862 2141 16
882 2107 952 2140 sibi
996 2126 1040 2131 —
1088 2111 1128 2140 17
1155 2116 1233 2139 esse
1265 2105 1440 2140 add.V¹11

85 2156 129 2188 25
155 2149 298 2188 α’παντι
314 2154 525 2190 GAnANT
545 2152 803 2208 VANANTA
829 2153 921 2196 δαίμ
926 2164 976 2185 ωπ
1003 2151 1036 2186 G
1060 2151 1243 2187 ΔωΜωΝ
1269 2149 1336 2183 VA
1353 2161 1442 2193 συμ-

84 2199 328 2254 παρίσταται]
353 2200 404 2244 τῷ
428 2196 620 2242 γενομένῳ
648 2198 682 2232 G
707 2198 872 2233 (ΤΛΤΛΙ
897 2165 971 2230 VA
1035 2199 1078 2229 26
1105 2192 1243 2239 εὐθὺς]
1271 2191 1442 2235 ἅπαντος

86 2240 165 2278 ἐστὶ
181 2243 215 2277 G
238 2236 389 2280 ΕΥΟΥΕ
413 2243 515 2277 VA
505 2240 712 2287 γενομένῳ]
737 2241 998 2278 ΓΕΝΟΜΕΝΟ)
1028 2240 1063 2274 V
1083 2239 1442 2275 ΤΕΝΟΜΕΝΤΩΑ

84 2291 226 2332 troensp.
263 2288 297 2323 G·
327 2288 573 2333 μυσταγωγὸς
593 2287 626 2322 G
643 2287 987 2323 ALJCTATOWOC
1021 2286 1056 2320 V
1083 2285 1371 2322 ΜΥΣΤΩΤΓΟΣ
1404 2286 1441 2318 A

87 2333 510 2377 (Mein.1111p.233)
582 2336 625 2367 27
649 2333 781 2367 itidem
807 2344 853 2367 ex
877 2332 1113 2377 sempiternis
1142 2331 1176 2365 G
1201 2330 1280 2374 [Iac.
1306 2334 1326 2362 5
1351 2330 1439 2372 litt]

85 2377 178 2412 itide
213 2378 297 2423 [lac.
328 2381 372 2413 13
404 2378 490 2423 lztt.]
523 2378 760 2422 sempiternis
802 2377 916 2412 VPba
1014 2380 1082 2411 *⁶28
1123 2375 1318 2410 conlocm*
1320 2376 1377 2408 tos
1412 2373 1446 2406 V

159 2441 335 2468 Annuus-vs
354 2441 600 2468 Mancinus-vs.
1181 2437 1222 2467 1‘
1209 2446 1217 2467 ι
