1614 2549
540 23 877 60 OONSTANTIVS
903 29 969 61 354
1367 8 1425 69 49

69 120 197 161 minis
228 119 494 174 pulsabatm·.
527 119 566 160 6.
585 119 691 160 haec
724 124 907 174 augente
939 121 1158 175 uulgatius
1190 121 1305 164 fama
1332 126 1424 165 tan-

69 182 163 220 tum
202 178 363 232 aberat,
404 180 452 219 ut
490 178 691 232 proderet
724 179 951 233 quisquam
987 179 1082 221 uisa
1113 182 1334 235 nocturna⁷
1376 186 1422 224 ut

71 250 198 292 aegre
239 236 435 277 homines
468 236 676 278 dormisse
710 252 802 278 sese
841 239 1141 291 praesentibus
1183 239 1423 282 faterentur

71 296 272 350 externis,
310 295 642 350 maerebantque
681 296 796 337 docti
829 296 1013 351 quidam,
1052 297 1164 352 quod
1203 299 1315 353 apud
1347 299 1423 341 At-

34 365 52 391 5
71 355 236 396 lanteos
269 354 361 395 nati
392 369 480 395 non
511 357 665 408 essent,
696 355 771 396 ubi
802 358 1094 397 memorantur
1133 358 1299 399 somnia
1336 374 1423 401 11011

70 413 216 468 uideri,
258 413 370 467 quod
411 413 520 454 unde
561 414 731 455 eueniat
772 428 915 455 rerum
957 414 1253 458 scientissimis
1296 417 1423 458 relin-

70 486 261 527 quamus.

189 532 225 572 7.
251 530 370 572 Inter
394 531 473 572 has
501 530 802 585 quaestionum
835 531 1224 587 suppliciorumque
1258 535 1421 587 species

69 589 182 631 diras
215 590 260 630 in
279 589 454 644 Illyrico
487 589 677 630 exoritur
709 589 795 630 alia
827 590 968 631 clades
1002 590 1054 631 ad
1086 591 1321 632 multorum
1352 608 1421 647 pe·

17 659 51 684 10
70 648 205 689 ricula
243 663 292 689 ex
330 649 562 689 uerborum
592 648 802 689 inanitate
834 662 1079 703 progressa.
1140 650 1185 691 in
1224 651 1420 692 conuiuio

68 706 263 748 Africani
301 707 548 748 Pannoniae
568 731 572 733 -
594 707 800 748 sec-undae
841 708 1021 749 rectoris
1065 709 1176 762 apud
1216 708 1421 751 Sirmium

69 765 234 820 poculis
267 766 547 819 amplioribus
580 765 810 807 madefacti
842 766 1014 821 quidam
1035 767 1246 809 arbitrum
1273 768 1420 810 adesse

69 825 235 865 nullum
255 825 551 865 existimantes
583 825 763 866 licenter
794 825 1023 879 imperium
1041 841 1243 880 praesens
1265 830 1312 868 ut
1335 842 1423 868 mo-

69 883 351 925 lestissimum
383 884 654 925 incusabant:
688 884 841 938 quibus
876 884 951 924 alii
983 887 1178 938 optatam
1209 890 1422 939 permuta-

16 953 50 978 15
69 942 232 983 tionem
262 945 503 996 temporum
536 942 766 984 aduentare
798 943 935 984 ueluti
967 957 988 983 e
1026 944 1266 998 praesagiis
1300 944 1423 986 adfir-

70 1001 258 1054 mabant,
288 1015 375 1042 non
405 1001 514 1042 nulli
546 1001 757 1042 maiorum
790 1002 970 1056 auguria
1002 1002 1085 1043 sibi
1127 1003 1325 1056 portendi
1361 1004 1421 1044 in-

70 1060 295 1114 cogitabili
314 1060 529 1101 dementia
560 1060 883 1114 promittebant.
925 1061 963 1102 8.
990 1075 1011 1102 e
1033 1075 1213 1115 quorum
1245 1076 1420 1104 numero

70 1117 334 1160 Gaudentius
375 1132 507 1173 agens
545 1119 591 1159 in
621 1119 761 1172 rebus,
799 1122 941 1160 mente
979 1120 1207 1174 praecipiti
1239 1120 1420 1162 stolidus

70 1191 162 1219 rem
181 1182 229 1218 ut
261 1178 418 1218 seriam
438 1178 652 1218 detulerat
684 1178 736 1218 ad
754 1177 969 1231 Rufinum,
990 1179 1272 1232 apparitionis
1305 1194 1423 1233 prae—

17 1247 52 1272 20
71 1235 260 1278 fecturae
280 1236 578 1290 praetorianae
599 1239 698 1277 tunc
718 1236 968 1291 principem,
987 1237 1241 1278 ultimorum
1256 1252 1423 1292 semper

72 1295 243 1336 auidum
274 1294 493 1336 hominem
526 1298 569 1337 et
595 1295 753 1337 coalita
772 1296 988 1349 prauitate
1020 1295 1245 1337 famosum.
1284 1297 1322 1337 9.
1350 1298 1422 1351 qui

71 1353 297 1395 confestim
330 1355 452 1407 quasi
488 1353 632 1408 pinnis
665 1354 804 1395 elatus
838 1353 890 1395 ad
923 1354 1174 1396 comitatum
1214 1355 1420 1410 principis

71 1412 291 1453 aduolauit
323 1427 502 1467 eumque
541 1413 594 1454 ad
632 1413 896 1467 suspiciones
933 1413 1060 1454 huius
1094 1413 1208 1455 modi
1246 1413 1424 1455 mollem

71 1474 114 1512 et
144 1472 458 1525 penetrabilem
489 1471 552 1513 ita
584 1472 739 1513 acriter
777 1472 1080 1525 inflammauit,
1118 1475 1165 1513 ut
1198 1473 1288 1513 sine
1321 1473 1422 1514 deli-

16 1541 50 1567 25
70 1530 292 1571 beratione
323 1530 414 1571 ulla
444 1529 674 1571 Africanus
706 1533 749 1571 et
770 1545 916 1571 omnes
948 1530 1091 1572 letalis
1125 1545 1297 1573 mensae
1328 1546 1424 1585 par-

70 1589 222 1643 ticipes
263 1589 513 1630 iuberentur
552 1589 647 1644 rapi
688 1589 906 1632 sublimes.
978 1604 1060 1644 quo
1102 1589 1217 1631 facto
1256 1590 1423 1632 delator

70 1647 266 1689 funestus
279 1649 418 1689 uetita
432 1662 482 1689 ex
503 1662 620 1690 more
641 1648 827 1690 humano
847 1648 1032 1689 ualidius
1054 1648 1228 1703 cupiens
1248 1649 1422 1690 biennio

70 1707 114 1748 id
146 1706 259 1761 quod
291 1707 460 1761 agebat,
500 1710 548 1748 ut
587 1707 843 1761 postularat,
884 1707 1132 1749 continuare
1170 1711 1422 1762 praeceptus

73 1768 150 1807 est.
194 1766 259 1807 10.
284 1766 441 1807 missus
472 1766 607 1820 igitur
639 1766 691 1807 ad
723 1780 795 1807 eos
829 1766 1121 1820 corripiendos
1143 1765 1423 1808 Teutomeres

10 1836 54 1861 »30
72 1826 292 1878 protector
330 1825 589 1866 domesticus
628 1839 723 1866 cum
761 1825 930 1879 collega
968 1828 1145 1866 onustos
1180 1839 1326 1866 omnes
1360 1839 1425 1866 ca-

72 1884 197 1937 tenis,
228 1887 276 1925 ut
308 1884 557 1925 mandatum
589 1886 667 1937 est,
697 1884 969 1937 perducebat.
1031 1884 1102 1924 sed
1143 1883 1217 1924 ubi
1249 1887 1426 1925 uentum

73 1945 139 1983 est
169 1942 434 1996 Aquileiam,
474 1942 667 1984 Marinus
710 1943 898 1985 tribunus
938 1956 988 1983 ex
1027 1942 1341 1996 campidoctore
1375 1956 1425 1984 eo

164 2085 184 2115 2
209 2082 253 2115 ut
279 2081 319 2119 0.
344 2081 390 2115 F.
421 2080 479 2116 W.
505 2080 645 2115 Μᾱῖῐεν
668 2091 751 2115 cum
776 2080 880 2115 codd.
946 2085 986 2115 10
1011 2080 1178 2114 conuiuis
1203 2081 1239 2115 P
1263 2089 1329 2117 om.
1355 2080 1422 2115 Iac.

0 2109 2 2167 1
76 2129 118 2160 10
143 2126 217 2160 litt.
240 2125 298 2161 Ro·
348 2125 516 2161 rouincia
540 2126 584 2170 bg]
639 2130 679 2160 13
703 2136 879 2170 praesens
907 2124 941 2159 G
964 2135 1030 2170 pre
1057 2135 1094 2159 se
1125 2123 1193 2159 VP
1241 2129 1282 2160 15
1307 2125 1426 2160 ueluti

0 2178 1 2200 1
76 2181 96 2205 e
123 2170 158 2205 G-
180 2170 288 2205 uelut
343 2170 378 2205 ie
409 2170 522 2204 VPba
615 2173 656 2204 16
687 2170 845 2220 auguria
869 2169 903 2204 G
934 2169 1052 2204 auirio
1081 2169 1150 2204 VP
1243 2174 1284 2205 18
1310 2180 1425 2215 agens

0 2206 1 2239 1
80 2214 248 2250 Valesius
270 2215 389 2261 magis
417 2214 486 2249 VP
553 2214 752 2259 praecipit1
779 2214 849 2250 ΘΑ
880 2214 1014 2259 recipit
1037 2215 1050 2248 i
1079 2214 1111 2247 V
1175 2218 1217 2248 22
1243 2215 1363 2249 alatus
1391 2214 1425 2248 G

0 2262 1 2283 1
75 2263 119 2294 26
143 2260 217 2294 rari
241 2260 418 2294 sublimes
448 2259 515 2294 VP
539 2259 716 2293 sublimes
739 2259 823 2294 tolli
848 2260 925 2304 byn.
1002 2264 1044 2294 32
1070 2259 1242 2294 tribunus
1267 2258 1425 2294 inseruit

80 2304 249 2340 Valesius
272 2314 338 2342 om.
367 2305 451 2350 [lac.
476 2309 497 2339 6
522 2305 609 2350 zita]
642 2304 710 2338 VP

148 2368 323 2395 Ammuws
344 2369 588 2395 MARcznnmvs.
1190 2366 1212 2395 4
