1573 2508
1540 0 1564 97 ..aad-

146 96 200 138 13
682 83 788 121 xlm
813 87 845 126 e,
870 85 980 117 6—13

143 188 281 232 monii
307 188 398 228 iura
419 182 628 239 permisit.
660 180 698 222 6.
725 182 768 221 et
799 177 903 219 olim
929 176 1032 217 licet
1051 173 1214 215 otiosae
1236 171 1323 212 sint
1354 167 1494 210 tribus

145 249 409 303 pacataeque
442 241 658 284 centuriae
691 241 734 279 et
770 235 890 278 nulla
927 232 1228 286 suffragiorum
1260 226 1496 270 certamina

150 309 215 348 set
245 301 508 357 Pompiliani
540 297 715 340 redierit
747 294 952 337 securitas
984 289 1205 345 temporis,
1241 301 1318 342 per
1348 298 1496 328 omnes

148 370 293 406 tamen
326 361 537 417 quotquot
569 360 668 399 stmt
698 357 842 410 partes
873 355 1097 403 terrarum,
1127 350 1176 389 ut
1206 345 1378 388 domina
1409 357 1498 385 sus-

151 423 307 477 cipitur
350 423 393 461 et
436 418 586 472 regina
631 417 673 456 et
715 413 872 467 ubique
914 412 1083 464 patrum
1128 404 1359 447 reuerenda
1403 415 1536 444 cums

153 480 409 523 auctoritate
442 476 622 519 canities
655 472 884 527 populique
916 466 1101 510 Romani
1137 478 1294 506 nomen
1326 461 1500 504 circum-

154 542 347 594 spectum
377 541 421 578 et
453 532 746 576 uerecundum.

275 598 312 638 7.
351 595 431 637 Sed
465 593 649 635 laeditur
681 590 752 630 hic
784 590 979 629 coetuum
1013 582 1267 637 magnificus
1301 577 1502 634 splendor

155 657 333 698 leuitate
364 666 598 709 paucorum
630 647 859 698 incondita,
891 645 964 686 ubi
995 642 1088 684 nati
1129 643 1228 682 sunt
1264 653 1352 680 11011
1381 651 1501 690 repu-

156 715 353 767 tantium,
386 712 458 753 sed
481 714 702 763 tamquam
734 705 901 747 indulta
921 701 1097 743 licentia
1116 699 1235 741 uitiis
1263 697 1315 739 ad
1336 708 1502 738 errores
1523 709 1557 735 ιο

158 775 376 827 lapsorum
421 784 469 811 ac
514 766 750 809 lasciuiam.
817 766 865 804 ut
909 761 1022 803 enim
1061 756 1300 800 Simonides
1344 753 1504 808 lyricus

158 833 293 884 docet,
324 830 450 871 beate
481 826 672 882 perfecta
703 823 871 865 ratione
891 820 1058 861 uicturo
1080 819 1179 859 ante
1200 815 1287 857 alia
1318 812 1506 868 patriam

160 904 251 931 esse
272 888 471 930 conuenit
492 884 741 940 gloriosam.
773 882 811 923 8.
839 895 888 921 ex
906 878 974 919 his
996 876 1169 931 quidam
1189 870 1437 916 aeternitati
1462 883 1507 911 se

160 946 449 990 commendari
480 958 608 999 posse
627 957 703 996 per
724 942 889 982 statuas
911 936 1190 979 aestimantes
1217 946 1288 974 eas
1309 929 1508 972 ardenter

162 1007 379 1048 adfectant
407 1003 530 1059 quasi
561 1002 657 1056 plus
689 997 871 1054 praemii
891 996 941 1037 de
974 992 1192 1048 figmentis
1213 990 1348 1033 aereis
1381 1002 1509 1030 sensu
1529 1001 1563 1027 15

162 1065 405 1107 carentibus
426 1061 634 1116 adepturi,
666 1072 794 1113 quam
815 1071 865 1098 ex
885 1052 1148 1096 conscientia
1178 1050 1358 1092 honeste
1378 1049 1510 1088 recte-

164 1140 244 1178 que
288 1123 511 1174 factorum,
555 1132 710 1172 easque
755 1129 858 1157 auro
904 1114 1054 1154 curant
1092 1106 1362 1160 inbracteari,
1399 1103 1513 1159 quod

164 1182 306 1224 Acilio
322 1179 548 1222 Glabrioni
568 1177 758 1218 delatiun
779 1176 844 1215 est
864 1172 1016 1227 primo,
1037 1184 1132 1212 cum
1152 1165 1344 1210 consiliis
1365 1163 1513 1206 armis-

166 1256 245 1296 que
290 1253 435 1294 regem
481 1236 724 1291 superasset
766 1230 1041 1275 Antiochum.
1110 1241 1238 1282 quam
1276 1226 1419 1266 autem
1456 1220 1514 1262 sit

165 1299 391 1354 pulchrum
413 1297 565 1351 exigua
596 1295 702 1335 haec
735 1292 1005 1346 spernentem
1026 1290 1070 1328 et
1100 1286 1280 1327 minima
1299 1282 1351 1324 ad
1372 1294 1514 1323 ascen·
1533 1295 1562 1320 ε(

168 1374 237 1400 sus
270 1371 397 1399 uerae
430 1354 594 1409 gloriae
625 1351 797 1393 tendere
829 1349 984 1402 longos
1006 1349 1049 1387 et
1081 1345 1248 1396 arduos,
1279 1344 1327 1383 ut
1358 1352 1515 1381 memo-

167 1419 237 1458 rat
274 1418 396 1457 uates
429 1414 652 1465 Ascraeus,
693 1407 921 1451 Censorius
960 1405 1067 1447 Cato
1108 1399 1380 1444 monstrauit.
1443 1396 1516 1452 qui

169 1475 461 1528 interrogatus
495 1485 623 1526 quam
661 1468 715 1510 ob
754 1481 844 1509 rem
882 1466 995 1506 inter
1033 1461 1193 1504 multos
1226 1492 1234 1500 .
1255 1491 1263 1499 .
1285 1491 1293 1500 .
1327 1459 1517 1499 statuam

168 1548 255 1575 11011
292 1532 472 1574 haberet
502 1529 640 1571 ‘malo’
678 1526 819 1581 inquit
856 1523 1087 1577 ‘ambigere
1125 1521 1262 1561 bonos
1295 1530 1424 1572 quam
1461 1514 1516 1556 ob

170 1608 259 1634 rem
292 1591 334 1632 id
367 1605 452 1631 non
483 1587 723 1639 meruerim,
755 1598 882 1639 quam
905 1581 1015 1637 quod
1048 1582 1114 1622 est
1146 1577 1321 1633 grauius
1353 1588 1427 1617 cur
1458 1573 1518 1614 in·
1537 1587 1562 1613 111

171 1650 434 1706 petrauerim
466 1645 723 1688 mussitare’.

291 1709 331 1750 9.
351 1707 441 1749 Alii
463 1719 675 1747 summum
692 1703 817 1744 decus
837 1702 883 1742 in
903 1697 1118 1741 carruchis
1140 1695 1270 1737 solito
1292 1690 1522 1735 altioribus

174 1773 217 1809 et
249 1766 479 1810 ambitioso
511 1764 697 1805 uestium
730 1761 846 1803 cultu
879 1760 1085 1813 ponentes
1118 1753 1273 1796 sudant
1304 1750 1382 1793 sub
1420 1763 1523 1803 pon-

172 1827 345 1868 deribus
386 1825 666 1876 lacernarum,
710 1835 815 1875 quas
859 1819 903 1859 in
947 1816 1070 1858 collis
1114 1814 1298 1855 insertas
1336 1807 1522 1862 cingulis

175 1885 281 1939 ipsis
320 1884 551 1925 adnectunt
586 1879 720 1922 nimia
758 1876 1076 1930 subtegminum
1119 1871 1331 1914 tenuitate
1374 1865 1523 1922 perfla·
1541 1879 1559 1906 s

174 1945 299 1994 biles,
331 1941 617 1996 expandentes
649 1952 717 1980 eas
737 1937 895 1979 crebris
923 1931 1235 1988 agitationibus
1255 1927 1524 1980 maximeque

270 2108 289 2138 4
313 2104 439 2149 partes
466 2103 570 2146 qua
594 2101 817 2145 partesquae
848 2096 880 2131 V
970 2100 988 2130 7
1014 2092 1219 2128 uerendum
1244 2091 1311 2134 bya
1401 2091 1423 2123 9
1453 2085 1529 2121 sint

179 2150 249 2194 Lya
330 2154 367 2182 1ο
391 2147 492 2181 uitiis
517 2157 583 2180 om.
610 2146 690 2189 Pby
762 2148 801 2177 15
826 2142 940 2176 sensis
969 2140 1036 2174 VP
1059 2137 1226 2172 sensibus
1250 2136 1317 2180 bya
1388 2134 1428 2167 18
1455 2130 1527 2166 aci-

179 2194 265 2228 licio
296 2193 363 2227 VP
427 2196 469 2226 22
495 2190 650 2225 Hesiodi
673 2200 757 2233 opp.
783 2191 859 2222 289·
929 2189 972 2220 23
998 2184 1082 2230 [lac.
1107 2186 1127 2217 3
1152 2180 1242 2226 litt]
1269 2179 1431 2214 statuam
1460 2174 1530 2210 VP

182 2237 327 2283 nobiles
351 2238 512 2271 statuam
538 2236 557 2270 b
582 2247 605 2269 (ι
696 2238 738 2267 24
769 2244 803 2276 p.
833 2234 905 2273 104,
937 2233 978 2265 18
1009 2229 1063 2263 ed.
1087 2226 1246 2261 Jordan.
1338 2225 1381 2258 28
1413 2219 1527 2256 ambi-

179 2283 277 2317 tioso
305 2282 336 2316 (ι’
363 2281 504 2315 ambitu
569 2279 625 2314 Pb
672 2282 714 2311 29
739 2277 894 2310 insertas
919 2273 1076 2318 cingulis
1105 2269 1273 2305 Valesius
1295 2266 1436 2302 inserta.
1459 2263 1529 2300 sin-

183 2327 282 2373 gulis
313 2326 377 2360 VP
425 2328 466 2359 30
491 2323 702 2370 perflabiles
721 2320 975 2371 expandentes
1001 2328 1062 2353 eas
1083 2315 1252 2350 Valesius
1301 2323 1341 2347 er
1377 2310 1429 2346 Jia
1445 2308 1531 2344 uilis

181 2373 425 2418 expectantes
449 2369 536 2406 1⁷²1»
582 2373 620 2404 ,²31
643 2365 910 2412 agitationibus
935 2363 1099 2397 Valesius
1115 2371 1137 2395 a
1154 2358 1279 2404 cogita
1298 2357 1374 2392 10111
1404 2366 1446 2390 us
1463 2353 1531 2390 ΥΡ
