1614 2549
20 0 86 78 3„

396 79 738 116 CONSTANTIVS
763 79 823 114 ET
848 78 1082 114 IVLIANVS
1108 83 1173 114 355
1403 82 1449 122 71

104 175 266 217 ximum
297 189 527 229 manesque
561 175 650 215 eius
682 174 850 215 ratione
884 174 1057 228 gemina
1087 174 1292 228 religiose
1314 175 1457 215 colun-

61 235 67 241 '
103 237 185 287 tur,
224 233 335 288 quod
373 233 486 275 iusto
520 233 809 275 moderamine
848 235 1017 274 rexerat
1056 247 1154 274 suos
1188 236 1230 274 et
1268 233 1454 274 adscitus

40 330 46 333 .
104 293 150 334 in
168 293 420 334 societatem
439 292 501 333 rei
521 291 740 334 Romanae
763 292 950 346 quietem
970 292 1091 346 genti
1110 292 1330 346 praestitit
1350 306 1456 333 sem-

43 376 47 378 *
103 351 327 406 piternam.
387 352 425 393 8.
452 354 494 392 et
520 351 622 392 licet
642 351 764 404 haec,
786 365 914 405 quam
941 351 1124 392 diximus
1150 351 1284 404 uiam,
1315 351 1456 392 media

22 413 26 434 s
68 428 86 454 5
104 410 161 452 sit
205 413 247 451 et
291 410 592 464 conpendiaria
631 410 855 464 magisque
895 409 1093 463 celebris,
1135 413 1282 451 tamen
1325 411 1456 451 etiam

104 469 215 510 aliae
235 469 373 510 multo
396 472 522 510 antea
553 469 819 522 temporibus
852 471 951 509 sunt
971 471 1240 509 constructae
1261 469 1455 510 diuersis.

90 528 142 569 ¹9.
175 531 218 569 et
247 529 433 582 primam
465 528 690 569 Thebaeus
723 527 930 568 Hercules
964 527 1016 568 ad
1049 526 1291 581 Geryonem
1323 528 1457 568 extin-

104 587 332 641 guendum,
363 590 411 628 ut
431 587 618 628 relatum
650 589 727 639 est,
760 590 802 627 et
823 586 1077 628 Tauriscum
1096 586 1234 627 lenius
1256 586 1455 640 gradiens

102 660 235 700 prope
274 646 512 687 maritimas
556 646 781 699 conposuit
818 645 973 699 Alpes,
1013 645 1165 699 hisque
1205 644 1358 686 harum
1396 645 1456 685 111-

34 718 84 743 .1ο
103 704 211 746 didit
251 719 426 759 nomen3
467 705 663 746 Monoeci
704 704 906 745 similiter
944 719 1084 745 arcem
1116 707 1158 744 et
1198 707 1372 757 portum
1404 704 1457 745 ad

101 777 333 818 perennem
365 765 431 804 sui
462 765 714 805 memoriam
748 764 1027 805 consecrauit.
1088 763 1238 804 deinde
1271 763 1455 804 emensis

102 826 252 876 postea
285 823 466 864 saeculis
499 824 646 864 multis
686 823 764 863 hac
798 838 847 863 ex
880 837 1006 863 causa
1039 825 1138 863 srmt
1169 821 1304 876 Alpes
1338 836 1458 863 exco-

103 882 267 935 gitatae
292 881 520 923 Poeninae.
575 882 639 923 10.
661 881 893 935 superioris
915 881 1109 922 Africani
1134 884 1256 934 pater
1276 879 1456 921 Publius

104 939 326 982 Cornelius
369 939 512 995 Scipio
555 940 806 995 Saguntinis
847 940 1201 981 memorabilibus
1241 939 1456 980 aerumnis

51 1012 84 1037 15
104 1003 146 1041 et
176 999 277 1053 fide,
308 1000 519 1054 pertinaci
550 1000 838 1041 destinatione
864 998 1068 1040 Afrorum
1100 999 1286 1040 obsessis
1319 999 1456 1040 iturus

104 1058 264 1100 auxilio
304 1060 349 1099 in
385 1058 642 1112 Hispaniam
678 1058 871 1099 traduxit
909 1062 1107 1100 onustam
1146 1072 1274 1099 manu
1315 1057 1456 1098 ualida

104 1118 296 1171 classem,
329 1118 402 1158 sed
434 1118 606 1159 ciuitate
638 1118 804 1171 potiore
832 1117 970 1158 Marte
1003 1117 1142 1158 deleta
1167 1117 1458 1158 Haimibalem

104 1177 222 1231 sequi
256 1177 461 1231 nequiens
494 1176 636 1217 triduo
672 1180 770 1218 ante
807 1177 990 1217 transito
1024 1175 1235 1217 Rhodano
1271 1176 1323 1216 ad
1363 1190 1459 1229 par-

103 1239 167 1277 tes
194 1235 347 1277 Italiae
381 1236 705 1276 contendentem
737 1235 1014 1289 nauigatione
1047 1235 1186 1276 ueloci
1218 1235 1457 1276 intercurso

50 1306 85 1331 ‘20
105 1295 244 1348 spatio
284 1295 415 1335 maris
454 1294 558 1335 haut
599 1295 730 1348 longo
764 1295 1064 1347 degressurum
1095 1294 1313 1335 montibus
1347 1294 1458 1347 apud

105 1353 298 1394 Genuam
331 1353 591 1394 obseruabat
624 1353 826 1407 Liguriae
860 1353 1076 1406 oppidum,
1114 1356 1161 1394 ut
1199 1367 1295 1394 cum
1327 1366 1389 1406 eo,
1422 1353 1459 1393 si

104 1413 271 1466 copiam
303 1411 391 1453 fors
413 1412 611 1464 dedisset,
644 1413 811 1453 uiarum
844 1411 1075 1465 asperitate
1108 1412 1291 1466 fatigato
1320 1411 1461 1452 decer-

102 1474 223 1512 neret
256 1471 300 1511 111
332 1471 522 1524 planitie.
571 1472 635 1512 11.
656 1471 883 1512 consulens
905 1473 1051 1511 tamen
1070 1471 1131 1511 rei
1152 1471 1367 1512 communi
1384 1469 1458 1511 On.

105 1529 350 1584 Scipionem
380 1530 559 1571 fra-trem
599 1531 661 1572 ire
693 1529 860 1571 monuit
899 1530 944 1570 in
980 1528 1228 1583 Hispanias,
1266 1532 1313 1570 ut
1350 1529 1459 1570 Has-

50 1598 85 1624 25
105 1589 328 1631 drubalem
372 1589 522 1630 exinde
567 1589 767 1630 similiter
812 1591 1062 1642 erupturum
1106 1591 1281 1629 arceret.
1351 1602 1458 1643 quae

104 1647 323 1689 Hannibal
355 1647 503 1689 doctus
536 1662 561 1688 α
599 1648 805 1702 perfugis,
842 1650 890 1688 ut
922 1649 1014 1688 erat
1047 1648 1269 1701 expeditae
1302 1647 1457 1688 mentis

104 1707 370 1760 etcallidae,
403 1706 604 1748 Taurinis
638 1706 891 1748 ducentibus
926 1706 1082 1748 accolis
1114 1721 1191 1760 per
1212 1706 1457 1748 Tricasinos

105 1769 147 1807 et
185 1780 305 1807 oram
342 1765 655 1807 Vocontiorinn
694 1768 929 1806 extremam
968 1766 1019 1806 ad
1065 1766 1199 1807 saltus
1241 1765 1458 1806 Tricorios

103 1825 233 1866 uenit.
283 1825 463 1879 indeque
496 1839 671 1866 exorsus
705 1824 821 1866 aliud
853 1825 935 1865 iter
956 1824 1136 1865 antehac
1169 1824 1458 1878 insuperabile

51 1896 86 1921 30
104 1883 226 1925 fecit:
265 1884 488 1938 excisaque
521 1898 625 1937 rupe
670 1884 715 1924 111
752 1884 994 1924 inmensum
1033 1884 1166 1937 elata,
1207 1897 1336 1937 quam
1374 1897 1459 1924 cre-

105 1943 259 1984 mando
280 1943 324 1984 ui
344 1956 501 1996 magna
521 1942 792 1983 flammarum
815 1944 1018 1995 acetoque
1038 1942 1179 1982 intuso
1207 1942 1251 1982 in
1277 1941 1460 1983 solidam

198 2108 215 2137 1
248 2103 429 2148 religione
466 2104 603 2148 I'Pbya
657 2108 676 2138 7
709 2105 747 2138 et
777 2114 842 2138 om.
877 2103 920 2147 by
994 2103 1145 2138 hircuh's
1175 2103 1208 2136 V
1275 2107 1295 2138 9
1326 2103 1458 2147 hisque

106 2148 239 2192 scripsi
261 2148 374 2193 hique
405 2148 438 2182 V
449 2149 594 2209 hicque
621 2149 687 2193 hya
735 2153 776 2183 10
801 2149 970 2183 moeneci
999 2148 1033 2182 V
1081 2150 1233 2193 portum
1263 2148 1369 2182 ΓΘΑ
1393 2159 1460 2183 om.

106 2227 164 2262 Pb
213 2195 303 2271 15-lp
306 2202 463 2261 ertina-ci
487 2228 525 2261 et
549 2227 620 2261 fide
646 2230 826 2270 transpos.
855 2226 891 2259 V
939 2230 981 2261 21
1008 2237 1028 2260 0
1031 2226 1189 2271 ppidum
1213 2247 1256 2252 —-
1287 2230 1330 2260 22
1356 2237 1459 2270 aspe-

108 2272 220 2306 ritate
251 2239 341 2307 add.
378 2271 432 2306 V¹²n
524 2276 566 2306 27
599 2271 823 2306 Tricastinos
853 2272 921 2317 hya
1012 2275 1055 2306 28
1094 2271 1358 2316 uocontiglum
1394 2271 1461 2305 VP

110 2331 152 2362 31
177 2327 351 2372 acitoque
367 2327 488 2362 infuso
514 2329 712 2372 acitoquae
743 2327 777 2361 V
797 2329 979 2371 acetoque
1010 2327 1132 2362 infuso
1158 2328 1263 2371 Pbya
1333 2328 1371 2360 in
1405 2338 1460 2361 so-

109 2371 226 2406 lidam
257 2372 368 2407 soluit
398 2383 453 2408 scr
454 2373 530 2417 ipsv
557 2372 668 2407 insoli
698 2372 869 2407 dissoluit
903 2372 937 2405 V
935 2373 970 2407 Ρ
991 2373 1070 2417 igni
1095 2372 1266 2406 dissoluit
1282 2371 1332 2405 E
1320 2373 1461 2417 Jssenh
