1573 2508
176 92 254 134 108
677 88 762 124 XVI
790 91 842 130 12,
867 89 997 123 53—61

175 185 297 227 flexis
342 184 514 226 ensibus
559 183 739 224 feriendi
782 196 869 223 non
907 183 1182 237 suppeterent
1224 181 1522 235 instrumenta,

176 244 280 298 ipsis
318 242 515 284 barbaris
552 241 641 282 tela
678 255 826 283 eorum
863 241 1070 282 uitalibus
1114 239 1402 295 inmergebat,
1443 235 1550 280 11θοῖ

177 302 402 357 quisquam
440 300 760 342 uulnera-utinm
803 299 1012 354 sanguine
1055 299 1165 340 iram
1209 297 1400 353 expleuit
1442 304 1553 344 nec}

178 360 354 402 satiauit
386 359 512 400 caede
546 358 778 413 multiplici
816 357 1034 399 dexteram
1065 358 1135 399 uel
1166 357 1396 399 miseratus
1428 357 1552 410 sup-‘³

177 419 408 473 plicantem
422 417 642 459 abscessit.
663 417 731 459 53.
752 417 949 458 iacebant
967 417 1112 471 itaque
1132 415 1305 471 plurimi
1325 413 1523 456 transfixi
1538 416 1557 454 δ’

178 477 382 523 letaliter,
412 476 600 518 remedia
642 475 794 517 mortis
839 475 1075 530 conpendio
1119 474 1404 529 postulantes,
1446 471 1525 514 alii

179 535 411 577 semineces
456 535 627 576 labente
672 536 757 576 iam
807 534 960 588 spiritu
1010 533 1117 575 lucis
1166 546 1340 575 usuram
1389 530 1524 573 oculis

179 594 462 636 morientibus
514 593 804 648 inquirebant,
855 592 1118 647 quorundam
1162 591 1303 646 capita
1346 589 1527 632 discissa

178 653 418 694 trabalibus
450 652 549 693 telis
583 655 626 692 et
656 651 887 705 pendentia
917 651 1075 705 iugulis
1097 650 1394 703 cohaerebant,
1425 661 1524 702 pars

177 725 248 765 per
281 712 470 752 lutosum
509 714 553 751 et
590 710 802 751 lubricum
839 709 977 752 solum
1017 710 1061 750 in
1100 709 1339 752 sauciorum
1378 718 1559 748 cruore1

181 770 292 823 lapsi
330 770 505 810 intactis
544 769 657 809 ferro
691 768 942 822 corporibus
981 767 1144 810 aceruis
1182 765 1527 822 superruentium

181 828 323 869 obruti
337 827 613 869 necabantur.
634 828 702 868 54.
717 842 824 882 quae
833 827 906 868 ubi
921 826 1027 867 satis
1043 840 1221 868 euenere
1229 824 1529 880 prosperrime,

182 887 365 928 ualidius
397 886 585 927 instante
618 886 779 927 uictore
811 884 1008 927 acumina
1039 884 1181 926 densis
1213 883 1369 925 ictibus
1400 882 1527 923 hebe-

182 946 360 987 scebant
392 945 748 998 splendentesque
774 944 925 999 galeae
946 944 1023 985 sub
1044 943 1223 997 pedibus
1243 941 1528 983 uoluebantur

183 1008 226 1045 et
257 1007 397 1056 scuta,
436 1003 588 1044 ultimo
622 1003 803 1057 denique
834 1002 1032 1044 trudente
1065 1001 1310 1043 discrimine
1341 999 1562 1052 barbari,1

184 1077 279 1103 cum
317 1062 420 1103 elati
465 1062 719 1103 cadauerum
764 1074 944 1116 aggeres
989 1061 1128 1101 exitus
1172 1059 1434 1114 inpedirent,
1476 1057 1531 1099 ad

183 1120 376 1162 subsidia
406 1120 593 1161 fluminis
626 1120 836 1173 petinere,
869 1133 975 1174 quae
1008 1118 1101 1160 sola
1131 1118 1353 1159 restabant
1384 1130 1530 1158 eorum

183 1183 309 1234 terga
339 1179 425 1220 iam
456 1179 802 1232 perstringentis.
834 1177 902 1219 55.
923 1181 966 1218 et
998 1177 1099 1232 quia
1130 1191 1254 1218 cursu
1286 1176 1364 1216 sub
1398 1174 1530 1217 armis

185 1238 352 1279 concito
396 1237 611 1291 fugientes
656 1237 780 1278 miles
824 1236 1062 1277 indefessus
1105 1235 1306 1290 urgebat,
1355 1233 1528 1288 quidam

184 1296 313 1338 nandi
357 1296 515 1349 peritia
558 1296 687 1337 eximi
732 1310 776 1336 se
809 1309 934 1349 posse
973 1293 1290 1336 discriminibus
1330 1291 1564 1342 arbitratis

186 1355 350 1395 animas
383 1354 582 1396 fluctibus
604 1354 922 1395 commiserunt.
973 1368 1057 1408 qua
1088 1367 1216 1394 causa
1247 1351 1376 1393 celeri
1407 1349 1531 1392 corde

185 1413 331 1454 futura
362 1413 614 1466 praeuidens
636 1412 793 1454 Caesar
826 1426 920 1453 cum
951 1412 1137 1453 tribunis
1171 1414 1214 1452 et
1245 1409 1423 1451 ducibus
1450 1408 1532 1450 cla-

185 1485 303 1512 more
324 1471 596 1525 obiugatorio
617 1471 888 1525 prohibebat,
907 1485 959 1511 ne
980 1470 1150 1511 hostem
1171 1468 1335 1510 auidius
1351 1481 1532 1522 sequens

186 1532 433 1570 nostrorum
466 1530 690 1582 quisquam
724 1544 767 1569 se
808 1528 1054 1582 gurgitibus
1088 1527 1375 1569 committeret
1406 1525 1533 1567 uerti-

187 1588 310 1628 cosis.
331 1587 398 1628 56.
418 1587 529 1628 unde
544 1587 584 1627 id
600 1587 877 1628 obseruatum
891 1589 958 1628 est
983 1589 1031 1627 ut
1050 1585 1316 1640 marginibus
1338 1584 1533 1625 insisten-
1551 1595 1566 1623 ε

188 1650 252 1686 tes
285 1646 565 1686 confoderent
601 1645 786 1686 telorum
819 1646 1028 1686 uarietate
1060 1644 1316 1697 Germanos,
1354 1657 1534 1697 quorum

188 1705 352 1758 siquem
403 1704 532 1744 morti
581 1704 790 1745 uelocitas
841 1704 1145 1756 subtraxisset,
1195 1702 1297 1744 iacti
1340 1701 1533 1756 corporis
1572 1709 1573 1744 l

187 1763 372 1817 pondere
394 1763 445 1803 ad
466 1762 552 1804 ima
572 1762 759 1803 fluminis
781 1762 1041 1803 subsidebat.
1073 1762 1142 1804 57.
1167 1763 1212 1802 et
1230 1760 1350 1801 uelut
1369 1760 1414 1801 in
1433 1773 1533 1814 quo·
1572 1762 1573 1802 ἕ

188 1821 285 1862 dam
322 1820 528 1862 theatrali
562 1821 806 1875 spectaculo
839 1821 1000 1862 aulaeis
1033 1819 1227 1862 miranda
1258 1818 1534 1860 monstranti·
1572 1827 1573 1830 ’

189 1880 278 1922 bus.
299 1879 438 1920 multa
476 1879 634 1920 licebat
672 1880 758 1920 iam
791 1879 882 1920 sine
914 1881 1031 1920 metu
1063 1878 1225 1932 uidere,
1261 1876 1390 1918 nandi
1429 1879 1533 1918 stre·
1552 1879 1573 1918 al,

187 1938 283 1979 nuis
316 1937 522 1992 quosdam
553 1938 720 1979 nescios
741 1937 1032 1990 adhaerentes,
1062 1937 1284 1978 fluitantes
1304 1935 1412 1976 alios
1438 1948 1534 1976 eum

189 1996 527 2050 expeditioribus
548 1996 843 2051 linquerentur
863 1999 911 2037 ut
932 1996 1114 2050 stipites,
1140 1997 1184 2036 et
1202 1994 1323 2036 uelut
1343 1993 1533 2036 luctante
1562 2029 1566 2047 ξ

190 2055 326 2096 amnis
372 2055 581 2096 uiolentia
624 2055 767 2097 uorari
811 2054 1016 2109 quosdam
1060 2054 1260 2095 fluctibus
1303 2051 1564 2104 inuolutos,'

189 2127 275 2154 non
313 2113 454 2153 nullos
494 2114 657 2167 clipeis*
683 2117 829 2155 ucctos
867 2116 1119 2166 praeruptas
1155 2111 1362 2153 undarum
1393 2124 1534 2152 occur-

283 2232 297 2260 1
330 2227 497 2261 sensibus
541 2227 606 2262 VP
699 2231 740 2261 10
761 2237 842 2271 ‚per
881 2228 912 2261 G
938 2237 1002 2260 om.
1034 2225 1145 2261 VPba
1235 2224 1426 2260 lubrosum
1468 2222 1536 2258 VP

189 2271 397 2306 sauciorum
422 2271 661 2306 Kellerbauer
684 2272 867 2305 sociorum
890 2271 993 2305 codd.
1074 2275 1113 2305 11
1139 2269 1290 2304 intactis
1320 2268 1355 2304 G
1384 2267 1535 2302 intectis

195 2315 307 2351 VPba
353 2320 396 2351 20
420 2316 532 2350 nandi
560 2318 592 2350 (i
619 2315 744 2349 mandi
776 2315 807 2349 V
851 2320 894 2350 23
918 2326 964 2349 ne
984 2315 1055 2349 GA
1079 2315 1116 2348 ni
1139 2313 1172 2348 V
1192 2314 1229 2348 in
1246 2313 1305 2349 Pb
1349 2316 1393 2348 29
1416 2311 1535 2347 auleis
1564 2327 1573 2351 3,

196 2360 336 2405 V²Pb9
382 2362 502 2394 aurcis
533 2360 575 2394 V¹
669 2365 707 2395 31
737 2360 940 2394 adherente
965 2359 1002 2394 P
1025 2358 1072 2394 ad
1098 2358 1145 2394 ad
1170 2358 1324 2393 herente
1354 2356 1389 2392 V
