1573 2508
959 0 1030 11 κ’,

126 68 206 111 122
645 63 749 98 XVII
776 67 808 106 5,
836 65 943 98 1—12

119 177 218 217 μων
249 164 379 215 φιλεῖ.
440 158 510 201 καὶ
550 155 573 200 ὁ
610 153 868 213 παμφεγγὴς
905 158 1144 211 συγκρίνας
1180 153 1366 198 αἰώνιον
1395 156 1469 209 βα·
1514 167 1519 170 ·

122 220 245 262 σιλεά
278 222 320 261 01
352 219 530 273 reliqua.

242 279 284 320 ὖ.
311 280 345 319 1.
359 277 547 318 Datiano
563 279 605 317 et
619 274 784 317 Cereali
805 274 1053 316 consulibus
1069 288 1163 315 011111
1179 274 1381 315 uniuersa
1392 287 1469 328 per

121 338 286 379 Gallias
320 335 462 378 studio
483 335 673 376 cautiore
694 334 1020 388 disponerentur
1052 332 1319 387 formidoque
1350 346 1468 387 prae·

121 397 348 438 teritorum
381 394 630 436 barbaricos
655 393 879 434 hebetaret
900 406 1115 445 excursus,
1146 406 1219 433 rex
1239 389 1470 432 Persarum
1487 400 1528 430 5ξ

122 457 165 496 111
199 454 392 496 confiniis
425 466 556 507 agens
589 452 725 494 adhuc
765 451 958 506 gentium
993 451 1267 503 extimarum,
1299 450 1469 505 iamque

122 528 218 555 cum
251 512 465 555 Chionitis
498 516 540 552 et
566 511 741 552 Gelanis
775 510 965 551 omnium
999 509 1218 550 acerrimis
1252 508 1470 550 bellatori·

121 573 202 614 bus
234 572 413 627 pignore
450 571 536 611 icto
575 570 793 611 societatis
831 568 1045 610 rediturus
1078 567 1130 608 ad
1164 582 1256 622 sua,
1294 567 1470 609 Tamsa-

123 631 240 685 poris
285 631 443 684 scripta
495 629 699 682 suscepit,
748 642 897 682 pacem
942 626 1182 668 Romanum
1235 626 1469 680 principem

122 690 361 732 nuntiantis
382 702 554 742 poscere
575 686 849 742 precatiuam.
893 687 931 727 ⁶2.
952 686 1130 740 ideoque
1150 700 1235 727 non
1254 685 1338 726 nisi
1358 684 1469 726 infir·
1491 694 1524 720 10

123 752 241 790 mato
279 747 449 802 imperii
487 747 639 787 robore
678 745 881 799 temptari
921 744 1027 786 talia
1065 744 1306 798 suspicatus
1338 743 1469 785 latius

124 810 259 849 semet
300 808 524 848 extentans
567 805 684 859 pacis
726 803 1001 858 amplectitur
1041 817 1196 844 nomen
1240 806 1282 844 et
1331 801 1470 844 condi·
1540 831 1556 864 ἲ

124 866 266 907 0101108
315 864 542 919 proposuit
590 877 768 918 graueS,
818 862 1033 916 missoque
1083 876 1178 902 cum
1224 860 1470 902 muneribus

122 923 289 966 Narseo
323 923 505 978 quodam
545 923 690 977 legato
729 921 896 963 litteras
936 920 989 962 ad
1022 920 1322 962 Constantium
1354 918 1470 961 dedit
1550 875 1558 973 1

122 997 334 1038 nusquam
357 997 381 1023 a
401 981 585 1035 genuino
605 981 719 1022 fastu
740 979 972 1034 declinans,
1004 993 1181 1034 quarum
1207 978 1319 1020 1111110
1338 978 1470 1019 fuisse
1492 988 1524 1014 1⁵
1552 978 1557 1012 ,⁹-

124 1042 366 1096 accepimus
400 1054 592 1081 sensum:
1549 1018 1559 1064 1

242 1100 280 1140 3.
312 1099 415 1140 ‘Rex
453 1111 602 1152 regum
643 1097 796 1151 Sapor,
840 1097 1055 1151 particeps
1095 1096 1298 1149 siderum,
1338 1095 1472 1136 frater

124 1157 239 1200 Solis
272 1162 314 1200 et
334 1157 490 1209 Lunae,
524 1156 776 1198 Constantio
799 1154 972 1197 Caesari
1004 1155 1130 1196 fratri
1156 1169 1250 1196 meo
1284 1154 1469 1195 salutem

123 1217 356 1271 plurimam
389 1216 494 1257 dico.
1105 1247 1110 1252 .

243 1275 415 1316 Gaudeo
447 1275 703 1329 tandemque
728 1274 834 1314 mihi
867 1273 1008 1327 placet
1040 1273 1092 1313 ad
1114 1272 1322 1326 optimam
1354 1272 1469 1313 uiam
1490 1281 1538 1321 2⁰*

124 1338 167 1376 te
187 1335 416 1375 reuertisse
437 1336 479 1374 et
511 1334 804 1386 incorruptum
826 1331 1056 1386 aequitatis
1078 1331 1304 1385 agnouisse
1326 1330 1472 1372 suffra-

125 1394 245 1447 gium
285 1392 411 1433 rebus
450 1392 555 1445 ipsis
594 1394 833 1444 expertum,
866 1390 1062 1444 pertinax
1096 1389 1224 1430 alieni
1260 1389 1471 1444 cupiditas

125 1466 230 1506 quas
264 1451 523 1505 aliquotiens
557 1450 737 1491 ediderit
770 1452 948 1503 strages.
999 1449 1037 1489 4.
1070 1449 1169 1502 quia
1202 1448 1335 1502 igitur
1365 1448 1472 1488 ueri-

123 1511 229 1551 tatis
270 1510 409 1550 oratio
450 1509 591 1550 soluta
631 1523 722 1549 esse
763 1508 887 1548 debet
930 1511 972 1548 et
1014 1507 1148 1548 libera
1188 1509 1230 1548 et
1271 1506 1471 1548 celsiores

124 1570 320 1610 fortunas
363 1568 476 1609 idem
520 1568 637 1621 loqui
670 1567 790 1608 decet
829 1570 956 1620 atque
995 1566 1165 1619 sentire,
1202 1565 1469 1620 propositum
1492 1559 1563 1617 25⁴}

124 1642 266 1668 meum
299 1627 344 1667 111
382 1642 517 1680 pauca
549 1626 777 1677 conferam,
816 1625 1093 1666 reminiscens
1131 1624 1236 1666 haec
1269 1638 1376 1678 quae
1414 1623 1472 1664 di-

124 1689 269 1727 cturus
291 1700 384 1726 sum
406 1700 473 1726 me
494 1685 663 1738 saepius
684 1684 927 1737 replicasse.
958 1684 997 1724 5.
1017 1682 1066 1724 ad
1089 1698 1221 1737 usque
1243 1682 1473 1737 Strymona
1555 1698 1563 1714 ν

124 1745 283 1785 flumen
321 1748 364 1785 et
401 1743 698 1784 Macedonicos
743 1743 847 1783 fines
886 1742 1075 1784 tenuisse
1115 1742 1297 1783 maiores
1342 1754 1472 1794 meos,
1555 1723 1565 1798 ἒ

125 1803 407 1858 antiquitates
441 1817 608 1856 quoque
653 1805 823 1842 uestrae
861 1804 1095 1842 testantur:
1140 1800 1245 1842 haec
1277 1814 1344 1841 me
1377 1812 1472 1841 con-
1558 1803 1565 1823 *

124 1862 244 1903 uenit
281 1862 479 1915 flagitare
524 1885 576 1890 ——-
625 1876 674 1901 ne
708 1861 764 1901 sit
797 1860 1020 1914 adrogans,
1060 1859 1171 1913 quod
1204 1858 1382 1900 adfirmo
1416 1882 1471 1887 —-
1491 1867 1525 1893 80
1556 1831 1565 1881 1

125 1921 349 1974 splendore
369 1920 663 1974 uirtutumque
696 1919 931 1973 insignium
963 1917 1071 1959 serie
1092 1917 1277 1959 uetustis
1297 1916 1471 1971 regibus

126 1979 419 2020 antistantem.
465 1978 536 2019 sed
570 1977 725 2032 ubique
753 1977 859 2018 mihi
881 1977 996 2019 cordi
1029 1979 1094 2018 est
1113 1979 1230 2017 recta
1249 1975 1374 2028 ratio,
1405 1975 1472 2016 cui

1556 2146 1567 2170 1

216 2134 235 2162 3
260 2129 394 2162 cereali
418 2129 476 2163 Pb
500 2140 522 2162 α
548 2128 675 2162 ceriali
708 2127 738 2162 V
784 2132 801 2163 7
820 2127 971 2161 llalanis
990 2128 1024 2160 A
1070 2126 1182 2160 sicto
1203 2126 1272 2160 (ΙΑ
1291 2125 1362 2159 isto
1385 2123 1472 2159 VPb

128 2176 168 2205 10
192 2172 378 2206 infirmato
407 2173 439 2206 G
492 2174 610 2206 rmato
643 2172 671 2205 V
676 2173 753 2207 Pba
848 2177 886 2207 17
913 2172 1075 2206 siucrum
1107 2170 1173 2205 VP
1267 2174 1306 2205 18
1331 2169 1471 2205 caesari

133 2216 236 2252 ΠΛΡ
259 2228 324 2251 om.
352 2218 396 2261 by
487 2222 529 2252 *20
555 2217 775 2262 optimatem
806 2216 838 2250 V
860 2217 1066 2261 optimante
1090 2215 1126 2250 P
1156 2216 1193 2250 te
1223 2213 1322 2249 uiam
1352 2217 1472 2249 trans·
1572 2242 1573 2258 ,

118 2272 199 2305 pos.
226 2261 293 2306 hya
384 2266 428 2296 24
453 2262 569 2297 oratio
601 2262 668 2306 bya
699 2262 794 2296 ratio
824 2260 890 2296 1⁷1³
981 2265 1022 2296 27
1061 2259 1261 2304 Strymona
1295 2258 1362 2303 bya
1397 2268 1470 2292 ser-

124 2317 235 2385 mttma
253 2306 331 2386 ¹VII)
422 2311 463 2341 32
491 2307 591 2341 recta
621 2306 715 2340 ratio
740 2306 904 2348 Erfurdt
937 2303 1142 2341 recordatio
1179 2303 1313 2349 Vqua
1344 2301 1470 2338 mode-

124 2361 167 2386 το,
187 2362 219 2385 ιο
266 2351 303 2385 'a
322 2353 416 2386 osius

1557 2466 1573 2508 5³⁶¹„
1559 2419 1573 2432 ἢ
1570 2349 1573 2357 Δ
