<?xml version="1.0" encoding="UTF-8"?>
<!DOCTYPE html PUBLIC "-//W3C//DTD XHTML 1.0 Transitional//EN"
    "http://www.w3.org/TR/xhtml1/DTD/xhtml1-transitional.dtd">
<html xmlns="http://www.w3.org/1999/xhtml" xml:lang="en" lang="en">
 <head>
  <title>
</title>
<meta http-equiv="Content-Type" content="text/html;charset=utf-8" />
  <meta name='ocr-system' content='tesseract 3.04.00' />
  <meta name='ocr-capabilities' content='ocr_page ocr_carea ocr_par ocr_line ocrx_word'/>
</head>
<body>
  <div class='ocr_page' id='page_1' title='image "./rerumgestarumlib01ammiuoft_0272.png"; bbox 0 0 1573 2508; ppageno 0'>
   <div class='ocr_carea' id='block_1_1' title="bbox 115 59 938 102">
    <p class='ocr_par' dir='ltr' id='par_1_1' title="bbox 115 59 938 102">
     <span class='ocr_line' id='line_1_1' title="bbox 115 59 938 102; baseline -0.011 -1"><span class='ocrx_word' id='word_1_1' title='bbox 115 59 199 101; x_wconf 82' lang='grc'>208</span> <span class='ocrx_word' id='word_1_2' title='bbox 645 59 711 93; x_wconf 85' lang='lat' dir='ltr'>XX</span> <span class='ocrx_word' id='word_1_3' title='bbox 736 64 767 102; x_wconf 84' lang='lat'>5,</span> <span class='ocrx_word' id='word_1_4' title='bbox 793 62 893 102; x_wconf 82' lang='lat'><strong>9-6‚</strong></span> <span class='ocrx_word' id='word_1_5' title='bbox 918 63 938 94; x_wconf 86' lang='lat'><strong>3</strong></span> 
     </span>
    </p>
   </div>
   <div class='ocr_carea' id='block_1_2' title="bbox 117 152 1525 1908">
    <p class='ocr_par' dir='ltr' id='par_1_2' title="bbox 117 152 1500 499">
     <span class='ocr_line' id='line_1_2' title="bbox 118 152 1464 207; baseline 0 -13"><span class='ocrx_word' id='word_1_6' title='bbox 118 152 308 194; x_wconf 87' lang='lat' dir='ltr'>feriendo</span> <span class='ocrx_word' id='word_1_7' title='bbox 329 153 488 207; x_wconf 80' lang='lat' dir='ltr'>clipeos</span> <span class='ocrx_word' id='word_1_8' title='bbox 510 153 653 194; x_wconf 89' lang='lat' dir='ltr'>sonitu</span> <span class='ocrx_word' id='word_1_9' title='bbox 668 152 900 207; x_wconf 84' lang='lat' dir='ltr'>adsurgens</span> <span class='ocrx_word' id='word_1_10' title='bbox 923 153 1100 207; x_wconf 76' lang='lat' dir='ltr'>ingenti,</span> <span class='ocrx_word' id='word_1_11' title='bbox 1118 166 1202 194; x_wconf 89' lang='lat' dir='ltr'>uno</span> <span class='ocrx_word' id='word_1_12' title='bbox 1223 166 1355 207; x_wconf 86' lang='lat' dir='ltr'>prope</span> <span class='ocrx_word' id='word_1_13' title='bbox 1375 166 1464 194; x_wconf 91' lang='lat' dir='ltr'>mo-</span> 
     </span>
     <span class='ocr_line' id='line_1_3' title="bbox 117 211 1462 266; baseline 0 -14"><span class='ocrx_word' id='word_1_14' title='bbox 117 211 217 253; x_wconf 91' lang='lat' dir='ltr'>dum</span> <span class='ocrx_word' id='word_1_15' title='bbox 256 226 327 252; x_wconf 90' lang='lat' dir='ltr'>ore</span> <span class='ocrx_word' id='word_1_16' title='bbox 367 211 491 252; x_wconf 88' lang='lat' dir='ltr'>dictis</span> <span class='ocrx_word' id='word_1_17' title='bbox 529 211 704 252; x_wconf 88' lang='lat' dir='ltr'>fauebat</span> <span class='ocrx_word' id='word_1_18' title='bbox 741 214 784 252; x_wconf 92' lang='lat' dir='ltr'>et</span> <span class='ocrx_word' id='word_1_19' title='bbox 821 211 996 265; x_wconf 89' lang='lat' dir='ltr'>coeptis.</span> <span class='ocrx_word' id='word_1_20' title='bbox 1063 211 1102 252; x_wconf 89' lang='grc'>9.</span> <span class='ocrx_word' id='word_1_21' title='bbox 1140 211 1372 266; x_wconf 74' lang='lat' dir='ltr'><strong>statimque</strong></span> <span class='ocrx_word' id='word_1_22' title='bbox 1409 224 1462 252; x_wconf 87' lang='lat' dir='ltr'>ne</span> 
     </span>
     <span class='ocr_line' id='line_1_4' title="bbox 119 269 1463 323; baseline 0 -13"><span class='ocrx_word' id='word_1_23' title='bbox 119 270 358 311; x_wconf 77' lang='lat' dir='ltr'><strong>turbandae</strong></span> <span class='ocrx_word' id='word_1_24' title='bbox 391 270 664 323; x_wconf 77' lang='lat' dir='ltr'>dispositioni</span> <span class='ocrx_word' id='word_1_25' title='bbox 696 270 916 311; x_wconf 78' lang='lat' dir='ltr'>consultae</span> <span class='ocrx_word' id='word_1_26' title='bbox 947 274 1115 323; x_wconf 88' lang='lat' dir='ltr'>tempus</span> <span class='ocrx_word' id='word_1_27' title='bbox 1148 270 1302 311; x_wconf 91' lang='lat' dir='ltr'>saltem</span> <span class='ocrx_word' id='word_1_28' title='bbox 1333 269 1463 311; x_wconf 89' lang='lat' dir='ltr'>breue</span> 
     </span>
     <span class='ocr_line' id='line_1_5' title="bbox 119 327 1465 382; baseline 0.001 -14"><span class='ocrx_word' id='word_1_29' title='bbox 119 328 432 382; x_wconf 74' lang='lat' dir='ltr'>concederetur,</span> <span class='ocrx_word' id='word_1_30' title='bbox 470 343 549 382; x_wconf 89' lang='lat' dir='ltr'>pro</span> <span class='ocrx_word' id='word_1_31' title='bbox 590 329 790 370; x_wconf 76' lang='lat' dir='ltr'>actuariis</span> <span class='ocrx_word' id='word_1_32' title='bbox 829 328 1107 370; x_wconf 87' lang='lat' dir='ltr'>obsecrauere</span> <span class='ocrx_word' id='word_1_33' title='bbox 1138 327 1389 370; x_wconf 77' lang='lat' dir='ltr'>Petulantes</span> <span class='ocrx_word' id='word_1_34' title='bbox 1421 330 1465 369; x_wconf 87' lang='lat' dir='ltr'>et</span> 
     </span>
     <span class='ocr_line' id='line_1_6' title="bbox 122 385 1500 441; baseline 0.001 -14"><span class='ocrx_word' id='word_1_35' title='bbox 122 385 280 439; x_wconf 82' lang='lat' dir='ltr'>Celtae,</span> <span class='ocrx_word' id='word_1_36' title='bbox 312 387 483 439; x_wconf 89' lang='lat' dir='ltr'>recturi,</span> <span class='ocrx_word' id='word_1_37' title='bbox 515 402 618 441; x_wconf 85' lang='lat' dir='ltr'>quas</span> <span class='ocrx_word' id='word_1_38' title='bbox 645 387 877 441; x_wconf 84' lang='lat' dir='ltr'>placuisset</span> <span class='ocrx_word' id='word_1_39' title='bbox 897 387 1152 441; x_wconf 88' lang='lat' dir='ltr'>prouincias,</span> <span class='ocrx_word' id='word_1_40' title='bbox 1178 387 1464 439; x_wconf 85' lang='lat' dir='ltr'>mitterentur,</span> <span class='ocrx_word' id='word_1_41' title='bbox 1482 400 1500 427; x_wconf 76' lang='lat'>5</span> 
     </span>
     <span class='ocr_line' id='line_1_7' title="bbox 120 445 1335 499; baseline 0.001 -14"><span class='ocrx_word' id='word_1_42' title='bbox 120 459 203 498; x_wconf 88' lang='lat' dir='ltr'>quo</span> <span class='ocrx_word' id='word_1_43' title='bbox 236 460 321 486; x_wconf 90' lang='lat' dir='ltr'>non</span> <span class='ocrx_word' id='word_1_44' title='bbox 353 445 568 499; x_wconf 86' lang='lat' dir='ltr'>inpetrato</span> <span class='ocrx_word' id='word_1_45' title='bbox 601 447 744 487; x_wconf 90' lang='lat' dir='ltr'>abiere</span> <span class='ocrx_word' id='word_1_46' title='bbox 775 461 851 487; x_wconf 89' lang='lat' dir='ltr'>nec</span> <span class='ocrx_word' id='word_1_47' title='bbox 885 446 1035 487; x_wconf 85' lang='lat' dir='ltr'>offensi</span> <span class='ocrx_word' id='word_1_48' title='bbox 1067 459 1143 487; x_wconf 91' lang='lat' dir='ltr'>nec</span> <span class='ocrx_word' id='word_1_49' title='bbox 1174 445 1335 486; x_wconf 88' lang='lat' dir='ltr'>tristes.</span> 
     </span>
    </p>

    <p class='ocr_par' dir='ltr' id='par_1_3' title="bbox 120 503 1521 1026">
     <span class='ocr_line' id='line_1_8' title="bbox 241 503 1466 559; baseline 0.001 -15"><span class='ocrx_word' id='word_1_50' title='bbox 241 503 305 544; x_wconf 90' lang='lat'>10.</span> <span class='ocrx_word' id='word_1_51' title='bbox 319 503 458 545; x_wconf 86' lang='lat' dir='ltr'>Nocte</span> <span class='ocrx_word' id='word_1_52' title='bbox 480 507 635 558; x_wconf 85' lang='lat' dir='ltr'>tamen,</span> <span class='ocrx_word' id='word_1_53' title='bbox 656 520 762 559; x_wconf 89' lang='lat' dir='ltr'>quae</span> <span class='ocrx_word' id='word_1_54' title='bbox 783 504 1085 546; x_wconf 82' lang='lat' dir='ltr'>declarationis</span> <span class='ocrx_word' id='word_1_55' title='bbox 1106 503 1328 557; x_wconf 85' lang='lat' dir='ltr'>Augustae</span> <span class='ocrx_word' id='word_1_56' title='bbox 1349 517 1466 558; x_wconf 87' lang='lat' dir='ltr'>prae-</span> 
     </span>
     <span class='ocr_line' id='line_1_9' title="bbox 120 562 1466 617; baseline 0 -14"><span class='ocrx_word' id='word_1_57' title='bbox 120 565 305 604; x_wconf 85' lang='lat' dir='ltr'>cesserat</span> <span class='ocrx_word' id='word_1_58' title='bbox 319 562 442 616; x_wconf 88' lang='lat' dir='ltr'>diem,</span> <span class='ocrx_word' id='word_1_59' title='bbox 463 563 745 604; x_wconf 89' lang='lat' dir='ltr'>iunctioribus</span> <span class='ocrx_word' id='word_1_60' title='bbox 766 564 971 617; x_wconf 84' lang='lat' dir='ltr'>proximis</span> <span class='ocrx_word' id='word_1_61' title='bbox 992 563 1219 605; x_wconf 88' lang='lat' dir='ltr'>rettulerat</span> <span class='ocrx_word' id='word_1_62' title='bbox 1233 562 1466 616; x_wconf 89' lang='lat' dir='ltr'>imperator</span> 
     </span>
     <span class='ocr_line' id='line_1_10' title="bbox 123 621 1465 676; baseline 0.001 -15"><span class='ocrx_word' id='word_1_63' title='bbox 123 634 198 674; x_wconf 85' lang='lat' dir='ltr'>per</span> <span class='ocrx_word' id='word_1_64' title='bbox 218 621 405 675; x_wconf 90' lang='lat' dir='ltr'>quietem</span> <span class='ocrx_word' id='word_1_65' title='bbox 427 621 613 675; x_wconf 87' lang='lat' dir='ltr'>aliquem</span> <span class='ocrx_word' id='word_1_66' title='bbox 632 622 785 675; x_wconf 88' lang='lat' dir='ltr'>uisum,</span> <span class='ocrx_word' id='word_1_67' title='bbox 810 625 858 663; x_wconf 89' lang='lat' dir='ltr'>ut</span> <span class='ocrx_word' id='word_1_68' title='bbox 888 622 1065 663; x_wconf 88' lang='lat' dir='ltr'>formari</span> <span class='ocrx_word' id='word_1_69' title='bbox 1097 622 1248 676; x_wconf 90' lang='lat' dir='ltr'>genius</span> <span class='ocrx_word' id='word_1_70' title='bbox 1268 621 1465 675; x_wconf 89' lang='lat' dir='ltr'>publicus</span> 
     </span>
     <span class='ocr_line' id='line_1_11' title="bbox 122 678 1518 734; baseline 0 -14"><span class='ocrx_word' id='word_1_71' title='bbox 122 678 245 733; x_wconf 90' lang='lat' dir='ltr'>solet,</span> <span class='ocrx_word' id='word_1_72' title='bbox 277 679 381 721; x_wconf 90' lang='lat' dir='ltr'>haec</span> <span class='ocrx_word' id='word_1_73' title='bbox 411 680 678 734; x_wconf 88' lang='lat' dir='ltr'>obiurgando</span> <span class='ocrx_word' id='word_1_74' title='bbox 699 681 856 721; x_wconf 84' lang='lat' dir='ltr'>dixisse</span> <span class='ocrx_word' id='word_1_75' title='bbox 876 680 991 721; x_wconf 83' lang='lat' dir='ltr'>‘olim</span> <span class='ocrx_word' id='word_1_76' title='bbox 1013 680 1176 722; x_wconf 89' lang='lat' dir='ltr'>Iuliane</span> <span class='ocrx_word' id='word_1_77' title='bbox 1203 679 1466 721; x_wconf 86' lang='lat' dir='ltr'>uestibulum</span> <span class='ocrx_word' id='word_1_78' title='bbox 1487 695 1518 720; x_wconf 84' lang='lat'>10</span> 
     </span>
     <span class='ocr_line' id='line_1_12' title="bbox 122 737 1466 793; baseline 0.001 -15"><span class='ocrx_word' id='word_1_79' title='bbox 122 737 290 778; x_wconf 88' lang='lat' dir='ltr'>aedium</span> <span class='ocrx_word' id='word_1_80' title='bbox 323 742 491 779; x_wconf 89' lang='lat' dir='ltr'>tuarum</span> <span class='ocrx_word' id='word_1_81' title='bbox 513 739 694 780; x_wconf 88' lang='lat' dir='ltr'>obseruo</span> <span class='ocrx_word' id='word_1_82' title='bbox 726 739 924 792; x_wconf 88' lang='lat' dir='ltr'>latenter,</span> <span class='ocrx_word' id='word_1_83' title='bbox 956 752 1112 793; x_wconf 89' lang='lat' dir='ltr'>augere</span> <span class='ocrx_word' id='word_1_84' title='bbox 1139 742 1257 780; x_wconf 87' lang='lat' dir='ltr'>tuam</span> <span class='ocrx_word' id='word_1_85' title='bbox 1279 738 1466 792; x_wconf 83' lang='lat' dir='ltr'>gestiens</span> 
     </span>
     <span class='ocr_line' id='line_1_13' title="bbox 122 795 1467 852; baseline 0.001 -16"><span class='ocrx_word' id='word_1_86' title='bbox 122 795 379 850; x_wconf 87' lang='lat' dir='ltr'>dignitatem</span> <span class='ocrx_word' id='word_1_87' title='bbox 412 800 455 838; x_wconf 89' lang='lat' dir='ltr'>et</span> <span class='ocrx_word' id='word_1_88' title='bbox 476 797 734 852; x_wconf 83' lang='lat' dir='ltr'>aliquotiens</span> <span class='ocrx_word' id='word_1_89' title='bbox 754 801 975 852; x_wconf 87' lang='lat' dir='ltr'>tamquam</span> <span class='ocrx_word' id='word_1_90' title='bbox 994 797 1241 852; x_wconf 88' lang='lat' dir='ltr'>repudiatus</span> <span class='ocrx_word' id='word_1_91' title='bbox 1263 796 1467 838; x_wconf 85' lang='lat' dir='ltr'>abscessi:</span> 
     </span>
     <span class='ocr_line' id='line_1_14' title="bbox 122 854 1469 910; baseline 0.001 -15"><span class='ocrx_word' id='word_1_92' title='bbox 122 854 159 895; x_wconf 92' lang='lat' dir='ltr'>si</span> <span class='ocrx_word' id='word_1_93' title='bbox 190 867 243 895; x_wconf 89' lang='lat' dir='ltr'>ne</span> <span class='ocrx_word' id='word_1_94' title='bbox 263 869 374 896; x_wconf 84' lang='lat' dir='ltr'>nunc</span> <span class='ocrx_word' id='word_1_95' title='bbox 396 856 567 910; x_wconf 86' lang='lat' dir='ltr'>quidem</span> <span class='ocrx_word' id='word_1_96' title='bbox 598 856 796 910; x_wconf 91' lang='lat' dir='ltr'>recipior,</span> <span class='ocrx_word' id='word_1_97' title='bbox 827 856 1041 898; x_wconf 86' lang='lat' dir='ltr'>sententia</span> <span class='ocrx_word' id='word_1_98' title='bbox 1061 855 1343 897; x_wconf 85' lang='lat' dir='ltr'>concordante</span> <span class='ocrx_word' id='word_1_99' title='bbox 1363 854 1469 896; x_wconf 90' lang='lat' dir='ltr'>mul-</span> 
     </span>
     <span class='ocr_line' id='line_1_15' title="bbox 121 914 1467 966; baseline 0.001 -12"><span class='ocrx_word' id='word_1_100' title='bbox 121 915 275 966; x_wconf 89' lang='lat' dir='ltr'>torum,</span> <span class='ocrx_word' id='word_1_101' title='bbox 313 914 385 954; x_wconf 93' lang='lat' dir='ltr'>ibo</span> <span class='ocrx_word' id='word_1_102' title='bbox 424 914 630 955; x_wconf 89' lang='lat' dir='ltr'>demissus</span> <span class='ocrx_word' id='word_1_103' title='bbox 671 918 714 956; x_wconf 89' lang='lat' dir='ltr'>et</span> <span class='ocrx_word' id='word_1_104' title='bbox 750 919 952 956; x_wconf 85' lang='lat' dir='ltr'>maestus.</span> <span class='ocrx_word' id='word_1_105' title='bbox 1020 915 1062 956; x_wconf 91' lang='lat' dir='ltr'>id</span> <span class='ocrx_word' id='word_1_106' title='bbox 1099 918 1247 956; x_wconf 89' lang='lat' dir='ltr'>tamen</span> <span class='ocrx_word' id='word_1_107' title='bbox 1281 914 1467 956; x_wconf 90' lang='lat' dir='ltr'>retineto</span> 
     </span>
     <span class='ocr_line' id='line_1_16' title="bbox 124 972 1521 1026; baseline 0.001 -14"><span class='ocrx_word' id='word_1_108' title='bbox 124 972 209 1013; x_wconf 89' lang='lat' dir='ltr'>imo</span> <span class='ocrx_word' id='word_1_109' title='bbox 243 972 367 1013; x_wconf 90' lang='lat' dir='ltr'>corde</span> <span class='ocrx_word' id='word_1_110' title='bbox 400 974 512 1026; x_wconf 89' lang='lat' dir='ltr'>quod</span> <span class='ocrx_word' id='word_1_111' title='bbox 543 976 684 1014; x_wconf 87' lang='lat' dir='ltr'>tecum</span> <span class='ocrx_word' id='word_1_112' title='bbox 715 988 801 1015; x_wconf 90' lang='lat' dir='ltr'>non</span> <span class='ocrx_word' id='word_1_113' title='bbox 833 974 992 1015; x_wconf 87' lang='lat' dir='ltr'>diutius</span> <span class='ocrx_word' id='word_1_114' title='bbox 1024 973 1255 1015; x_wconf 72' lang='lat' dir='ltr'>habitabo!</span> <span class='ocrx_word' id='word_1_115' title='bbox 1488 987 1521 1013; x_wconf 88' lang='lat'>15</span> 
     </span>
    </p>

    <p class='ocr_par' dir='ltr' id='par_1_4' title="bbox 122 1030 1523 1790">
     <span class='ocr_line' id='line_1_17' title="bbox 241 1030 1469 1086; baseline 0.001 -15"><span class='ocrx_word' id='word_1_116' title='bbox 241 1031 284 1071; x_wconf 74' lang='lat' dir='ltr'>(i.</span> <span class='ocrx_word' id='word_1_117' title='bbox 328 1032 363 1072; x_wconf 86' lang='lat'>1.</span> <span class='ocrx_word' id='word_1_118' title='bbox 399 1030 519 1072; x_wconf 90' lang='lat' dir='ltr'>Haec</span> <span class='ocrx_word' id='word_1_119' title='bbox 557 1032 657 1072; x_wconf 91' lang='lat' dir='ltr'>dum</span> <span class='ocrx_word' id='word_1_120' title='bbox 701 1047 776 1086; x_wconf 92' lang='lat' dir='ltr'>per</span> <span class='ocrx_word' id='word_1_121' title='bbox 816 1032 981 1074; x_wconf 83' lang='lat' dir='ltr'>Gallias</span> <span class='ocrx_word' id='word_1_122' title='bbox 1021 1034 1250 1086; x_wconf 84' lang='lat' dir='ltr'>agerentur</span> <span class='ocrx_word' id='word_1_123' title='bbox 1293 1031 1469 1083; x_wconf 89' lang='lat' dir='ltr'>intente,</span> 
     </span>
     <span class='ocr_line' id='line_1_18' title="bbox 122 1089 1468 1144; baseline 0.001 -15"><span class='ocrx_word' id='word_1_124' title='bbox 122 1089 386 1131; x_wconf 88' lang='lat' dir='ltr'>truculentus</span> <span class='ocrx_word' id='word_1_125' title='bbox 436 1105 510 1131; x_wconf 83' lang='lat' dir='ltr'>rex</span> <span class='ocrx_word' id='word_1_126' title='bbox 560 1090 634 1131; x_wconf 93' lang='lat' dir='ltr'>ille</span> <span class='ocrx_word' id='word_1_127' title='bbox 684 1090 936 1144; x_wconf 78' lang='lat' dir='ltr'>Persarum,</span> <span class='ocrx_word' id='word_1_128' title='bbox 991 1090 1207 1132; x_wconf 88' lang='lat' dir='ltr'>incentiuo</span> <span class='ocrx_word' id='word_1_129' title='bbox 1258 1089 1468 1130; x_wconf 91' lang='lat' dir='ltr'>Antonini</span> 
     </span>
     <span class='ocr_line' id='line_1_19' title="bbox 124 1147 1469 1203; baseline 0.001 -15"><span class='ocrx_word' id='word_1_130' title='bbox 124 1147 308 1189; x_wconf 89' lang='lat' dir='ltr'>aduentu</span> <span class='ocrx_word' id='word_1_131' title='bbox 340 1148 566 1203; x_wconf 73' lang='lat' dir='ltr'>Craugasii</span> <span class='ocrx_word' id='word_1_132' title='bbox 597 1149 828 1203; x_wconf 87' lang='lat' dir='ltr'>duplicato,</span> <span class='ocrx_word' id='word_1_133' title='bbox 861 1150 1012 1191; x_wconf 89' lang='lat' dir='ltr'>ardore</span> <span class='ocrx_word' id='word_1_134' title='bbox 1044 1148 1302 1191; x_wconf 88' lang='lat' dir='ltr'>obtinendae</span> <span class='ocrx_word' id='word_1_135' title='bbox 1333 1147 1469 1189; x_wconf 90' lang='lat' dir='ltr'>Meso-</span> 
     </span>
     <span class='ocr_line' id='line_1_20' title="bbox 122 1205 1469 1262; baseline 0 -15"><span class='ocrx_word' id='word_1_136' title='bbox 122 1206 338 1259; x_wconf 85' lang='lat' dir='ltr'>potamiae</span> <span class='ocrx_word' id='word_1_137' title='bbox 383 1207 583 1261; x_wconf 89' lang='lat' dir='ltr'>flagrans,</span> <span class='ocrx_word' id='word_1_138' title='bbox 616 1208 715 1249; x_wconf 87' lang='lat' dir='ltr'>dum</span> <span class='ocrx_word' id='word_1_139' title='bbox 760 1211 909 1262; x_wconf 89' lang='lat' dir='ltr'>ageret</span> <span class='ocrx_word' id='word_1_140' title='bbox 952 1223 1047 1250; x_wconf 87' lang='lat' dir='ltr'>cum</span> <span class='ocrx_word' id='word_1_141' title='bbox 1091 1207 1279 1249; x_wconf 89' lang='lat' dir='ltr'>exercitu</span> <span class='ocrx_word' id='word_1_142' title='bbox 1319 1205 1469 1260; x_wconf 90' lang='lat' dir='ltr'>procul</span> 
     </span>
     <span class='ocr_line' id='line_1_21' title="bbox 123 1263 1522 1321; baseline 0.001 -16"><span class='ocrx_word' id='word_1_143' title='bbox 123 1263 415 1320; x_wconf 88' lang='lat' dir='ltr'>Constantius,</span> <span class='ocrx_word' id='word_1_144' title='bbox 447 1266 577 1308; x_wconf 88' lang='lat' dir='ltr'>armis</span> <span class='ocrx_word' id='word_1_145' title='bbox 610 1267 909 1321; x_wconf 84' lang='lat' dir='ltr'>multiplicatis</span> <span class='ocrx_word' id='word_1_146' title='bbox 931 1270 974 1308; x_wconf 92' lang='lat' dir='ltr'>et</span> <span class='ocrx_word' id='word_1_147' title='bbox 1005 1267 1182 1319; x_wconf 89' lang='lat' dir='ltr'>uiribus,</span> <span class='ocrx_word' id='word_1_148' title='bbox 1213 1265 1468 1307; x_wconf 89' lang='lat' dir='ltr'>transmisso</span> <span class='ocrx_word' id='word_1_149' title='bbox 1488 1281 1522 1307; x_wconf 81' lang='lat'>20</span> 
     </span>
     <span class='ocr_line' id='line_1_22' title="bbox 124 1323 1469 1379; baseline 0.001 -16"><span class='ocrx_word' id='word_1_150' title='bbox 124 1323 392 1365; x_wconf 86' lang='lat' dir='ltr'>sollemniter</span> <span class='ocrx_word' id='word_1_151' title='bbox 425 1324 610 1379; x_wconf 84' lang='lat' dir='ltr'>Tigride,</span> <span class='ocrx_word' id='word_1_152' title='bbox 643 1326 974 1379; x_wconf 90' lang='lat' dir='ltr'>oppugnandam</span> <span class='ocrx_word' id='word_1_153' title='bbox 1007 1326 1198 1367; x_wconf 89' lang='lat' dir='ltr'>adoritur</span> <span class='ocrx_word' id='word_1_154' title='bbox 1228 1323 1469 1377; x_wconf 81' lang='lat' dir='ltr'>Singaram,</span> 
     </span>
     <span class='ocr_line' id='line_1_23' title="bbox 124 1381 1469 1438; baseline 0.001 -16"><span class='ocrx_word' id='word_1_155' title='bbox 124 1381 262 1423; x_wconf 89' lang='lat' dir='ltr'>milite</span> <span class='ocrx_word' id='word_1_156' title='bbox 288 1383 466 1437; x_wconf 84' lang='lat' dir='ltr'>usuique</span> <span class='ocrx_word' id='word_1_157' title='bbox 499 1385 698 1438; x_wconf 87' lang='lat' dir='ltr'>congruis</span> <span class='ocrx_word' id='word_1_158' title='bbox 731 1385 940 1438; x_wconf 89' lang='lat' dir='ltr'>omnibus,</span> <span class='ocrx_word' id='word_1_159' title='bbox 970 1388 1017 1426; x_wconf 76' lang='lat' dir='ltr'>ut</span> <span class='ocrx_word' id='word_1_160' title='bbox 1047 1384 1359 1437; x_wconf 84' lang='lat' dir='ltr'>existimauere,</span> <span class='ocrx_word' id='word_1_161' title='bbox 1397 1382 1469 1437; x_wconf 92' lang='lat' dir='ltr'>qui</span> 
     </span>
     <span class='ocr_line' id='line_1_24' title="bbox 123 1441 1469 1495; baseline 0.001 -14"><span class='ocrx_word' id='word_1_162' title='bbox 123 1441 372 1494; x_wconf 85' lang='lat' dir='ltr'>regionibus</span> <span class='ocrx_word' id='word_1_163' title='bbox 406 1446 642 1495; x_wconf 80' lang='lat' dir='ltr'>praeerant,</span> <span class='ocrx_word' id='word_1_164' title='bbox 674 1443 840 1484; x_wconf 88' lang='lat' dir='ltr'>abunde</span> <span class='ocrx_word' id='word_1_165' title='bbox 873 1443 1093 1484; x_wconf 79' lang='lat' dir='ltr'>mimitam.</span> <span class='ocrx_word' id='word_1_166' title='bbox 1155 1443 1194 1483; x_wconf 82' lang='lat'>2.</span> <span class='ocrx_word' id='word_1_167' title='bbox 1226 1442 1344 1483; x_wconf 85' lang='lat' dir='ltr'>cuius</span> <span class='ocrx_word' id='word_1_168' title='bbox 1375 1456 1469 1495; x_wconf 89' lang='lat' dir='ltr'>pro-</span> 
     </span>
     <span class='ocr_line' id='line_1_25' title="bbox 124 1499 1469 1555; baseline 0 -15"><span class='ocrx_word' id='word_1_169' title='bbox 124 1502 388 1553; x_wconf 83' lang='lat' dir='ltr'>pugnatores</span> <span class='ocrx_word' id='word_1_170' title='bbox 416 1501 507 1542; x_wconf 87' lang='lat' dir='ltr'>uiso</span> <span class='ocrx_word' id='word_1_171' title='bbox 541 1501 664 1542; x_wconf 86' lang='lat' dir='ltr'>hoste</span> <span class='ocrx_word' id='word_1_172' title='bbox 698 1502 962 1555; x_wconf 83' lang='lat' dir='ltr'>longissime,</span> <span class='ocrx_word' id='word_1_173' title='bbox 994 1501 1149 1543; x_wconf 87' lang='lat' dir='ltr'>clausis</span> <span class='ocrx_word' id='word_1_174' title='bbox 1177 1501 1292 1542; x_wconf 88' lang='lat' dir='ltr'>ocius</span> <span class='ocrx_word' id='word_1_175' title='bbox 1319 1499 1469 1554; x_wconf 88' lang='lat' dir='ltr'>portis,</span> 
     </span>
     <span class='ocr_line' id='line_1_26' title="bbox 123 1557 1523 1613; baseline 0.001 -15"><span class='ocrx_word' id='word_1_176' title='bbox 123 1557 372 1611; x_wconf 86' lang='lat' dir='ltr'>ingentibus</span> <span class='ocrx_word' id='word_1_177' title='bbox 411 1559 564 1600; x_wconf 86' lang='lat' dir='ltr'>animis</span> <span class='ocrx_word' id='word_1_178' title='bbox 609 1575 683 1613; x_wconf 87' lang='lat' dir='ltr'>per</span> <span class='ocrx_word' id='word_1_179' title='bbox 727 1564 866 1601; x_wconf 81' lang='lat' dir='ltr'>turres</span> <span class='ocrx_word' id='word_1_180' title='bbox 905 1560 1200 1601; x_wconf 88' lang='lat' dir='ltr'>discurrebant</span> <span class='ocrx_word' id='word_1_181' title='bbox 1237 1562 1281 1599; x_wconf 92' lang='lat' dir='ltr'>et</span> <span class='ocrx_word' id='word_1_182' title='bbox 1319 1558 1470 1611; x_wconf 87' lang='lat' dir='ltr'>minas,</span> <span class='ocrx_word' id='word_1_183' title='bbox 1489 1574 1523 1600; x_wconf 78' lang='lat'>25</span> 
     </span>
     <span class='ocr_line' id='line_1_27' title="bbox 125 1618 1471 1673; baseline 0.001 -16"><span class='ocrx_word' id='word_1_184' title='bbox 125 1631 229 1658; x_wconf 83' lang='lat' dir='ltr'>saxa</span> <span class='ocrx_word' id='word_1_185' title='bbox 259 1620 557 1672; x_wconf 88' lang='lat' dir='ltr'>tormentaque</span> <span class='ocrx_word' id='word_1_186' title='bbox 579 1619 735 1660; x_wconf 88' lang='lat' dir='ltr'>bellica</span> <span class='ocrx_word' id='word_1_187' title='bbox 755 1622 1044 1673; x_wconf 87' lang='lat' dir='ltr'>congerentes,</span> <span class='ocrx_word' id='word_1_188' title='bbox 1076 1618 1323 1672; x_wconf 88' lang='lat' dir='ltr'>cunctisque</span> <span class='ocrx_word' id='word_1_189' title='bbox 1353 1631 1471 1671; x_wconf 89' lang='lat' dir='ltr'>prae-</span> 
     </span>
     <span class='ocr_line' id='line_1_28' title="bbox 126 1675 1471 1730; baseline 0.001 -15"><span class='ocrx_word' id='word_1_190' title='bbox 126 1676 301 1716; x_wconf 83' lang='lat' dir='ltr'>structis</span> <span class='ocrx_word' id='word_1_191' title='bbox 346 1677 521 1718; x_wconf 83' lang='lat' dir='ltr'>stabant</span> <span class='ocrx_word' id='word_1_192' title='bbox 567 1692 712 1718; x_wconf 87' lang='lat' dir='ltr'>omnes</span> <span class='ocrx_word' id='word_1_193' title='bbox 755 1678 926 1730; x_wconf 85' lang='lat' dir='ltr'>armati,</span> <span class='ocrx_word' id='word_1_194' title='bbox 971 1677 1289 1718; x_wconf 84' lang='lat' dir='ltr'>multitudinem</span> <span class='ocrx_word' id='word_1_195' title='bbox 1332 1675 1471 1730; x_wconf 89' lang='lat' dir='ltr'>parati</span> 
     </span>
     <span class='ocr_line' id='line_1_29' title="bbox 126 1734 1124 1790; baseline 0.002 -16"><span class='ocrx_word' id='word_1_196' title='bbox 126 1734 380 1788; x_wconf 88' lang='lat' dir='ltr'>propellere,</span> <span class='ocrx_word' id='word_1_197' title='bbox 413 1735 449 1775; x_wconf 84' lang='lat' dir='ltr'>si</span> <span class='ocrx_word' id='word_1_198' title='bbox 482 1736 650 1777; x_wconf 88' lang='lat' dir='ltr'>moenia</span> <span class='ocrx_word' id='word_1_199' title='bbox 683 1736 824 1777; x_wconf 78' lang='lat' dir='ltr'>subire</span> <span class='ocrx_word' id='word_1_200' title='bbox 857 1739 1124 1790; x_wconf 81' lang='lat' dir='ltr'>temptasset.</span> 
     </span>
    </p>

    <p class='ocr_par' dir='ltr' id='par_1_5' title="bbox 125 1792 1525 1908">
     <span class='ocr_line' id='line_1_30' title="bbox 243 1792 1470 1849; baseline 0 -16"><span class='ocrx_word' id='word_1_201' title='bbox 243 1792 282 1833; x_wconf 83' lang='lat'>3.</span> <span class='ocrx_word' id='word_1_202' title='bbox 314 1792 565 1835; x_wconf 84' lang='lat' dir='ltr'>Aduentans</span> <span class='ocrx_word' id='word_1_203' title='bbox 597 1795 742 1848; x_wconf 86' lang='lat' dir='ltr'>itaque</span> <span class='ocrx_word' id='word_1_204' title='bbox 775 1810 847 1836; x_wconf 86' lang='lat' dir='ltr'>rex</span> <span class='ocrx_word' id='word_1_205' title='bbox 881 1810 975 1836; x_wconf 88' lang='lat' dir='ltr'>cuin</span> <span class='ocrx_word' id='word_1_206' title='bbox 1007 1810 1082 1849; x_wconf 89' lang='lat' dir='ltr'>per</span> <span class='ocrx_word' id='word_1_207' title='bbox 1109 1793 1338 1847; x_wconf 84' lang='lat' dir='ltr'>optimates</span> <span class='ocrx_word' id='word_1_208' title='bbox 1371 1806 1470 1833; x_wconf 85' lang='lat' dir='ltr'>suos</span> 
     </span>
     <span class='ocr_line' id='line_1_31' title="bbox 125 1851 1525 1908; baseline 0.001 -17"><span class='ocrx_word' id='word_1_209' title='bbox 125 1851 300 1905; x_wconf 86' lang='lat' dir='ltr'>propius</span> <span class='ocrx_word' id='word_1_210' title='bbox 322 1851 533 1894; x_wconf 87' lang='lat' dir='ltr'>admissos</span> <span class='ocrx_word' id='word_1_211' title='bbox 552 1854 769 1907; x_wconf 89' lang='lat' dir='ltr'>pacatiore</span> <span class='ocrx_word' id='word_1_212' title='bbox 791 1854 1016 1908; x_wconf 88' lang='lat' dir='ltr'>conloquio</span> <span class='ocrx_word' id='word_1_213' title='bbox 1037 1854 1206 1894; x_wconf 86' lang='lat' dir='ltr'>flectere</span> <span class='ocrx_word' id='word_1_214' title='bbox 1226 1852 1472 1893; x_wconf 86' lang='lat' dir='ltr'>defensores</span> <span class='ocrx_word' id='word_1_215' title='bbox 1491 1868 1525 1893; x_wconf 82' lang='lat'>30</span> 
     </span>
    </p>
   </div>
   <div class='ocr_carea' id='block_1_3' title="bbox 128 2025 1477 2383">
    <p class='ocr_par' dir='ltr' id='par_1_6' title="bbox 128 2025 1477 2383">
     <span class='ocr_line' id='line_1_32' title="bbox 220 2025 1470 2078; baseline 0 -20"><span class='ocrx_word' id='word_1_216' title='bbox 220 2029 233 2058; x_wconf 91' lang='lat'>1</span> <span class='ocrx_word' id='word_1_217' title='bbox 262 2025 429 2060; x_wconf 82' lang='lat' dir='ltr'>feriendo</span> <span class='ocrx_word' id='word_1_218' title='bbox 457 2026 526 2060; x_wconf 75' lang='lat' dir='ltr'>(r&#39;A</span> <span class='ocrx_word' id='word_1_219' title='bbox 552 2026 737 2060; x_wconf 86' lang='lat' dir='ltr'>feriendos</span> <span class='ocrx_word' id='word_1_220' title='bbox 760 2026 847 2061; x_wconf 71' lang='lat' dir='ltr'>VPb</span> <span class='ocrx_word' id='word_1_221' title='bbox 879 2026 938 2070; x_wconf 74' lang='lat' dir='ltr'>ely</span> <span class='ocrx_word' id='word_1_222' title='bbox 970 2037 1031 2061; x_wconf 88' lang='lat' dir='ltr'>eos</span> <span class='ocrx_word' id='word_1_223' title='bbox 1049 2026 1117 2069; x_wconf 61' lang='lat' dir='ltr'>baa</span> <span class='ocrx_word' id='word_1_224' title='bbox 1134 2025 1255 2078; x_wconf 71' lang='lat' dir='ltr'>clipeo</span> <span class='ocrx_word' id='word_1_225' title='bbox 1277 2025 1310 2059; x_wconf 89' lang='lat' dir='ltr'><em>V</em></span> <span class='ocrx_word' id='word_1_226' title='bbox 1352 2028 1371 2058; x_wconf 78' lang='lat'>2</span> <span class='ocrx_word' id='word_1_227' title='bbox 1391 2033 1470 2058; x_wconf 84' lang='lat' dir='ltr'>coe-</span> 
     </span>
     <span class='ocr_line' id='line_1_33' title="bbox 129 2039 1468 2119; baseline 0.001 -18"><span class='ocrx_word' id='word_1_228' title='bbox 129 2068 202 2112; x_wconf 85' lang='lat' dir='ltr'>ptis</span> <span class='ocrx_word' id='word_1_229' title='bbox 230 2071 299 2102; x_wconf 64' lang='lat' dir='ltr'>(JA</span> <span class='ocrx_word' id='word_1_230' title='bbox 325 2070 423 2113; x_wconf 86' lang='lat' dir='ltr'>cepti</span> <span class='ocrx_word' id='word_1_231' title='bbox 455 2070 521 2105; x_wconf 69' lang='grc' dir='ltr'>ΓΙ)</span> <span class='ocrx_word' id='word_1_232' title='bbox 567 2075 587 2104; x_wconf 83' lang='grc'>4</span> <span class='ocrx_word' id='word_1_233' title='bbox 605 2071 847 2105; x_wconf 80' lang='lat' dir='ltr'>obsecrauere</span> <span class='ocrx_word' id='word_1_234' title='bbox 876 2072 907 2105; x_wconf 81' lang='lat' dir='ltr'><em>G</em></span> <span class='ocrx_word' id='word_1_235' title='bbox 927 2039 1124 2105; x_wconf 45' lang='lat' dir='ltr'>obseruare</span> <span class='ocrx_word' id='word_1_236' title='bbox 1158 2070 1246 2105; x_wconf 49' lang='lat' dir='ltr'>&amp;Pb</span> <span class='ocrx_word' id='word_1_237' title='bbox 1309 2073 1328 2103; x_wconf 85' lang='lat'>6</span> <span class='ocrx_word' id='word_1_238' title='bbox 1353 2069 1468 2119; x_wconf 78' lang='lat' dir='ltr'>impe-</span> 
     </span>
     <span class='ocr_line' id='line_1_34' title="bbox 129 2112 1477 2159; baseline 0 -13"><span class='ocrx_word' id='word_1_239' title='bbox 129 2115 227 2147; x_wconf 85' lang='lat' dir='ltr'>trato</span> <span class='ocrx_word' id='word_1_240' title='bbox 253 2114 355 2158; x_wconf 72' lang='lat' dir='ltr'>l’bya</span> <span class='ocrx_word' id='word_1_241' title='bbox 382 2115 575 2159; x_wconf 81' lang='lat' dir='ltr'>inputrato</span> <span class='ocrx_word' id='word_1_242' title='bbox 608 2115 638 2148; x_wconf 82' lang='lat' dir='ltr'><em>V</em></span> <span class='ocrx_word' id='word_1_243' title='bbox 735 2120 774 2149; x_wconf 75' lang='lat'>12</span> <span class='ocrx_word' id='word_1_244' title='bbox 800 2116 958 2150; x_wconf 83' lang='lat' dir='ltr'>abscessi</span> <span class='ocrx_word' id='word_1_245' title='bbox 984 2115 1048 2149; x_wconf 84' lang='lat' dir='ltr'>sed</span> <span class='ocrx_word' id='word_1_246' title='bbox 1074 2115 1103 2149; x_wconf 89' lang='lat' dir='ltr'>si</span> <span class='ocrx_word' id='word_1_247' title='bbox 1131 2116 1163 2149; x_wconf 74' lang='grc' dir='ltr'>(ι’</span> <span class='ocrx_word' id='word_1_248' title='bbox 1189 2115 1356 2148; x_wconf 84' lang='lat' dir='ltr'>abscesse</span> <span class='ocrx_word' id='word_1_249' title='bbox 1381 2125 1411 2147; x_wconf 87' lang='lat' dir='ltr'>si</span> <span class='ocrx_word' id='word_1_250' title='bbox 1444 2112 1477 2146; x_wconf 79' lang='lat' dir='ltr'><em>V</em></span> 
     </span>
     <span class='ocr_line' id='line_1_35' title="bbox 128 2157 1474 2202; baseline 0.001 -11"><span class='ocrx_word' id='word_1_251' title='bbox 128 2157 345 2192; x_wconf 81' lang='lat' dir='ltr'>abscessisse</span> <span class='ocrx_word' id='word_1_252' title='bbox 360 2160 395 2192; x_wconf 77' lang='lat'>1¹</span> <span class='ocrx_word' id='word_1_253' title='bbox 446 2164 484 2194; x_wconf 82' lang='lat'>15</span> <span class='ocrx_word' id='word_1_254' title='bbox 499 2160 572 2193; x_wconf 86' lang='lat' dir='ltr'>imo</span> <span class='ocrx_word' id='word_1_255' title='bbox 584 2160 654 2193; x_wconf 74' lang='grc' dir='ltr'>ΟΛ</span> <span class='ocrx_word' id='word_1_256' title='bbox 670 2160 704 2193; x_wconf 84' lang='grc'>111</span> <span class='ocrx_word' id='word_1_257' title='bbox 722 2171 780 2194; x_wconf 85' lang='grc'>1110</span> <span class='ocrx_word' id='word_1_258' title='bbox 797 2160 862 2194; x_wconf 81' lang='lat' dir='ltr'>VP</span> <span class='ocrx_word' id='word_1_259' title='bbox 879 2161 915 2194; x_wconf 91' lang='lat' dir='ltr'>in</span> <span class='ocrx_word' id='word_1_260' title='bbox 934 2171 1016 2194; x_wconf 90' lang='lat' dir='ltr'>meo</span> <span class='ocrx_word' id='word_1_261' title='bbox 1042 2160 1061 2193; x_wconf 85' lang='lat' dir='ltr'>b</span> <span class='ocrx_word' id='word_1_262' title='bbox 1097 2170 1168 2193; x_wconf 88' lang='lat' dir='ltr'>uon</span> <span class='ocrx_word' id='word_1_263' title='bbox 1182 2158 1360 2193; x_wconf 83' lang='lat' dir='ltr'>habitabo</span> <span class='ocrx_word' id='word_1_264' title='bbox 1370 2158 1474 2202; x_wconf 73' lang='lat' dir='ltr'>qua</span> 
     </span>
     <span class='ocr_line' id='line_1_36' title="bbox 130 2202 1472 2247; baseline -0.001 -10"><span class='ocrx_word' id='word_1_265' title='bbox 130 2207 170 2237; x_wconf 88' lang='grc'>18</span> <span class='ocrx_word' id='word_1_266' title='bbox 202 2213 292 2247; x_wconf 80' lang='lat' dir='ltr'>grau</span> <span class='ocrx_word' id='word_1_267' title='bbox 324 2203 389 2236; x_wconf 84' lang='lat' dir='ltr'>asii</span> <span class='ocrx_word' id='word_1_268' title='bbox 423 2204 447 2247; x_wconf 94' lang='lat' dir='ltr'>(i</span> <span class='ocrx_word' id='word_1_269' title='bbox 479 2205 564 2238; x_wconf 78' lang='lat' dir='ltr'>add.</span> <span class='ocrx_word' id='word_1_270' title='bbox 605 2204 663 2245; x_wconf 78' lang='lat' dir='ltr'>V2)</span> <span class='ocrx_word' id='word_1_271' title='bbox 705 2205 768 2239; x_wconf 88' lang='lat' dir='ltr'>Vl&#39;</span> <span class='ocrx_word' id='word_1_272' title='bbox 860 2216 961 2239; x_wconf 87' lang='lat' dir='ltr'>meso</span> <span class='ocrx_word' id='word_1_273' title='bbox 975 2204 1150 2238; x_wconf 68' lang='lat' dir='ltr'>iotaniiae</span> <span class='ocrx_word' id='word_1_274' title='bbox 1187 2205 1222 2238; x_wconf 73' lang='lat'>1¹</span> <span class='ocrx_word' id='word_1_275' title='bbox 1253 2202 1472 2247; x_wconf 86' lang='lat' dir='ltr'>mesopomi-</span> 
     </span>
     <span class='ocr_line' id='line_1_37' title="bbox 128 2246 1473 2294; baseline 0 -14"><span class='ocrx_word' id='word_1_276' title='bbox 128 2247 252 2282; x_wconf 84' lang='lat' dir='ltr'>taniac</span> <span class='ocrx_word' id='word_1_277' title='bbox 382 2252 423 2282; x_wconf 74' lang='lat'>21</span> <span class='ocrx_word' id='word_1_278' title='bbox 450 2248 600 2292; x_wconf 83' lang='lat' dir='ltr'>Tigride</span> <span class='ocrx_word' id='word_1_279' title='bbox 629 2249 736 2283; x_wconf 71' lang='lat' dir='ltr'>GAJ’</span> <span class='ocrx_word' id='word_1_280' title='bbox 761 2249 915 2294; x_wconf 83' lang='lat' dir='ltr'>trigride</span> <span class='ocrx_word' id='word_1_281' title='bbox 933 2249 969 2284; x_wconf 80' lang='lat' dir='ltr'><em>R</em></span> <span class='ocrx_word' id='word_1_282' title='bbox 1015 2248 1160 2293; x_wconf 85' lang='lat' dir='ltr'>digridc</span> <span class='ocrx_word' id='word_1_283' title='bbox 1192 2247 1224 2282; x_wconf 91' lang='lat' dir='ltr'><em>V</em></span> <span class='ocrx_word' id='word_1_284' title='bbox 1312 2250 1355 2282; x_wconf 80' lang='lat'>22</span> <span class='ocrx_word' id='word_1_285' title='bbox 1379 2246 1473 2281; x_wconf 89' lang='lat' dir='ltr'>mili-</span> 
     </span>
     <span class='ocr_line' id='line_1_38' title="bbox 128 2292 1474 2339; baseline 0 -14"><span class='ocrx_word' id='word_1_286' title='bbox 128 2292 205 2325; x_wconf 86' lang='lat' dir='ltr'>tem</span> <span class='ocrx_word' id='word_1_287' title='bbox 231 2292 334 2327; x_wconf 83' lang='lat' dir='ltr'>codd.</span> <span class='ocrx_word' id='word_1_288' title='bbox 387 2294 429 2326; x_wconf 90' lang='lat' dir='ltr'>ut</span> <span class='ocrx_word' id='word_1_289' title='bbox 455 2293 488 2326; x_wconf 78' lang='lat' dir='ltr'><strong><em>G</em></strong></span> <span class='ocrx_word' id='word_1_290' title='bbox 514 2304 580 2327; x_wconf 81' lang='lat' dir='ltr'>om.</span> <span class='ocrx_word' id='word_1_291' title='bbox 605 2294 708 2328; x_wconf 81' lang='lat' dir='ltr'>codd.</span> <span class='ocrx_word' id='word_1_292' title='bbox 771 2299 814 2329; x_wconf 80' lang='lat'>24</span> <span class='ocrx_word' id='word_1_293' title='bbox 838 2294 956 2339; x_wconf 85' lang='lat' dir='ltr'>portis</span> <span class='ocrx_word' id='word_1_294' title='bbox 979 2294 1084 2338; x_wconf 72' lang='lat' dir='ltr'>qua</span> <span class='ocrx_word' id='word_1_295' title='bbox 1108 2292 1224 2338; x_wconf 84' lang='lat' dir='ltr'>partis</span> <span class='ocrx_word' id='word_1_296' title='bbox 1255 2292 1288 2326; x_wconf 90' lang='lat' dir='ltr'><em>V</em></span> <span class='ocrx_word' id='word_1_297' title='bbox 1343 2295 1385 2326; x_wconf 78' lang='lat'>27</span> <span class='ocrx_word' id='word_1_298' title='bbox 1410 2301 1474 2336; x_wconf 84' lang='lat' dir='ltr'>pa-</span> 
     </span>
     <span class='ocr_line' id='line_1_39' title="bbox 128 2336 1101 2383; baseline 0.002 -13"><span class='ocrx_word' id='word_1_299' title='bbox 128 2336 199 2370; x_wconf 83' lang='lat' dir='ltr'>rati</span> <span class='ocrx_word' id='word_1_300' title='bbox 237 2336 378 2372; x_wconf 73' lang='lat' dir='ltr'><em>VGAP</em></span> <span class='ocrx_word' id='word_1_301' title='bbox 402 2339 627 2372; x_wconf 85' lang='lat' dir='ltr'>armatorum</span> <span class='ocrx_word' id='word_1_302' title='bbox 654 2338 674 2373; x_wconf 88' lang='lat' dir='ltr'>b</span> <span class='ocrx_word' id='word_1_303' title='bbox 766 2343 808 2373; x_wconf 79' lang='lat'>‘29</span> <span class='ocrx_word' id='word_1_304' title='bbox 833 2350 899 2383; x_wconf 88' lang='lat' dir='ltr'>per</span> <span class='ocrx_word' id='word_1_305' title='bbox 931 2338 1018 2374; x_wconf 79' lang='lat' dir='ltr'>add.</span> <span class='ocrx_word' id='word_1_306' title='bbox 1057 2337 1101 2372; x_wconf 83' lang='lat' dir='ltr'>V²</span> 
     </span>
    </p>
   </div>
  </div>
 </body>
</html>
