1573 2508
131 71 187 113 28
657 70 760 106 x1111
785 73 819 114 8,
843 73 954 105 3—12

135 165 343 206 subuersa
375 170 421 206 ut
454 165 705 207 rebellatrix
737 165 1002 206 interneciua
1034 177 1162 219 aegre
1184 162 1373 217 uestigia
1398 162 1482 205 cla-

134 223 336 264 ritudinis
357 225 564 277 pristinae
579 226 793 266 monstrat
808 223 1036 265 admodum
1056 237 1203 277 pauca.
1223 221 1262 263 3.
1283 219 1481 263 Ciliciam

134 296 249 335 uero,
282 297 389 336 quae
411 282 556 336 Cydno
590 283 706 324 amni
739 282 917 335 exultat,
949 281 1109 323 Tarsus
1129 280 1347 334 nobilitat,
1377 280 1482 322 urbs

134 340 434 393 perspicabilis
468 365 521 370 -—
560 341 670 383 hanc
709 340 948 382 condidisse
986 339 1167 381 Perseus
1205 341 1481 392 memoratur,

134 398 250 439 louis
290 399 403 439 filius
441 402 485 440 et
522 400 711 453 Danaes,
753 400 821 441 uel
863 402 976 440 certe
1021 413 1070 440 ex
1109 397 1343 451 Aethiopia
1384 409 1516 451 pro-5

132 458 268 497 fectus
303 456 474 499 Sandan
507 459 680 512 quidam
717 459 888 499 nomine
921 458 988 498 uir
1021 457 1249 511 opulentus
1282 459 1325 497 et
1362 455 1482 497 nobi-

134 514 189 555 lis
224 539 277 544 —
312 518 354 556 et
386 516 637 558 Anazarbus
677 517 864 558 auctoris
903 516 1161 557 uocabulum
1193 515 1400 568 referens,
1437 517 1482 556 et

134 572 402 616 Mobsuestia
435 576 548 616 uatis
582 575 700 616 illius
721 575 986 617 domicilium
1006 574 1161 627 Mobsi,
1194 588 1319 628 quem
1341 588 1365 614 a
1385 587 1482 614 con—

133 632 292 673 inilitio
325 632 679 687 Argonautarum
711 649 806 675 cum
839 648 967 675 aureo
999 633 1158 674 uellere
1190 632 1358 686 direpto
1390 631 1482 673 red-

132 689 261 743 irent,
300 706 442 733 errore
476 693 740 734 abstractum
773 693 1047 747 delatumque
1085 691 1137 732 ad
1170 690 1343 732 Africae
1375 690 1479 732 litus
1500 703 1534 729 10

133 762 249 789 mors
280 751 507 804 repentina
546 751 829 805 consumpsit,
867 754 909 791 et
948 766 998 792 ex
1036 765 1086 792 eo
1125 750 1285 804 cespite
1323 749 1479 803 punico

133 808 236 848 tecti
275 823 422 849 manes
461 810 551 850 eius
589 810 751 851 heroici
792 810 988 851 dolorum
1020 809 1224 850 uarietati
1256 808 1480 849 medentur

130 865 382 921 plerumque
397 868 639 921 sospitales.
665 870 704 909 4.
726 868 806 910 hae
826 869 932 909 duae
953 867 1198 922 prouinciae
1219 867 1335 908 bello
1351 881 1479 921 quon—

131 923 230 964 dam
270 925 451 979 piratico
495 928 678 968 cateruis
723 927 882 968 mixtae
923 926 1186 981 praedonum
1228 940 1253 967 a
1294 924 1478 967 Seruilio

131 996 209 1035 pro
243 985 417 1025 consule
450 986 606 1027 missae
640 986 718 1027 sub
752 986 900 1040 iugum
931 986 1071 1027 factae
1104 988 1204 1026 sunt
1229 983 1478 1039 uectigales.
1498 996 1534 1022 15

132 1043 174 1081 et
205 1040 286 1083 hae
314 1043 484 1096 quidem
515 1044 714 1098 regiones
746 1045 866 1086 uelut
898 1045 941 1085 in
972 1044 1234 1098 prominent-i
1265 1047 1477 1084 terrarum

131 1098 281 1153 lingua
318 1102 486 1154 positae
525 1103 578 1143 ob
618 1103 719 1144 orbe
758 1118 835 1144 eoo
874 1106 1019 1144 monte
1058 1103 1227 1144 Amano
1259 1102 1478 1156 disparan-

131 1160 213 1198 tur.
246 1158 284 1199 5.
311 1160 488 1201 orientis
522 1176 622 1202 uero
656 1162 779 1203 limes
812 1162 857 1203 in
889 1163 1065 1216 longum
1096 1163 1320 1215 protentus
1342 1164 1385 1201 et
1415 1174 1477 1201 re-

132 1219 246 1257 ctum
279 1217 333 1258 ab
365 1218 603 1272 Euphratis
635 1220 824 1261 fluminis
857 1221 961 1274 ripis
995 1220 1047 1261 ad
1080 1233 1213 1274 usque
1244 1218 1477 1273 supercilia

129 1275 368 1329 porrigitur
404 1276 515 1330 Nili,
553 1279 678 1320 laeua
717 1279 940 1321 Saracenis
985 1278 1303 1320 conterminans
1343 1277 1477 1332 genti·
1496 1290 1533 1316 20

131 1333 227 1386 bus,
269 1335 419 1377 dextra
451 1337 597 1391 pelagi
638 1337 885 1391 fragoribus
929 1340 1100 1392 patens,
1141 1351 1269 1391 quam
1300 1336 1477 1391 plagam

130 1391 311 1434 Nicator
333 1392 533 1436 Seleucus
555 1399 806 1450 occupatam
833 1397 952 1438 auxit
980 1409 1184 1450 magnum
1216 1396 1261 1436 in
1292 1394 1478 1448 modum,

130 1464 225 1491 cum
256 1455 356 1505 post
376 1452 610 1495 Alexandri
632 1454 876 1496 Macedonis
898 1455 1063 1496 obitum
1096 1454 1358 1495 successorio
1385 1453 1476 1495 iure

129 1512 296 1551 teneret
327 1524 461 1565 regna
494 1512 700 1566 Persidis,
739 1513 955 1554 efficaciae
994 1513 1268 1566 inpetrabilis
1299 1526 1391 1565 rex,
1428 1515 1476 1553 ut

129 1567 290 1609 indicat
333 1574 678 1623 cognomentum.
751 1573 788 1613 6.
834 1572 991 1613 abusus
1036 1572 1150 1612 enim
1200 1570 1474 1612 multitudine
1494 1583 1531 1609 25

128 1624 371 1679 hominum,
404 1643 531 1681 quam
564 1631 812 1683 tranquillis
846 1630 890 1670 in
919 1630 1047 1671 rebus
1078 1630 1238 1671 diutius
1269 1629 1393 1682 rexit,
1424 1643 1475 1670 ex

129 1685 373 1737 agrestibus
412 1686 674 1728 habitaculis
708 1688 834 1729 urbes
867 1688 1106 1729 construxit
1138 1688 1287 1729 multis
1320 1687 1474 1741 opibus

128 1741 274 1784 firmas
307 1747 351 1784 et
383 1744 560 1798 uiribus,
592 1761 772 1800 quarum
805 1746 857 1788 ad
888 1761 1091 1801 praesens
1112 1747 1341 1801 pleraeque
1372 1746 1474 1788 licet

127 1799 302 1842 Graecis
339 1803 586 1845 nominibus
625 1805 915 1859 appellentur,
953 1820 1060 1859 quae
1098 1805 1233 1846 isdem
1271 1804 1324 1846 ad
1363 1804 1474 1846 arbi-

126 1859 257 1900 trium
290 1860 479 1914 inposita
511 1866 611 1903 sunt
643 1864 896 1918 conditoris,
935 1864 1194 1918 primigenia
1225 1867 1371 1905 tamen
1399 1876 1473 1904 no·
1491 1875 1530 1902 ³0

126 1917 243 1959 mina
274 1933 360 1960 non
393 1921 617 1975 amittunt,
656 1937 763 1976 quae
802 1923 864 1963 eis
898 1922 1078 1976 Assyria
1115 1923 1263 1976 lingua
1301 1922 1472 1963 institu-

126 1978 238 2016 tores
272 1981 438 2019 ueteres
470 1979 726 2022 indiderunt.

216 2162 235 2192 5
261 2159 394 2194 Aethio
424 2161 461 2195 ia
484 2162 555 2206 hya
579 2163 702 2197 aethio
732 2163 763 2196 V
807 2167 827 2198 8
853 2163 1132 2198 mobsuestiaP
1155 2139 1419 2206 motisuuestia
1441 2162 1473 2196 V

123 2213 190 2252 υῃι..
215 2203 259 2247 by
350 2216 399 2239 ua
417 2205 446 2239 is
471 2216 537 2240 om.
563 2207 606 2250 by
697 2208 815 2242 mobsi
847 2207 940 2243 V¹P
963 2208 1084 2253 mopsi
1114 2207 1194 2242 V²b
1217 2220 1240 2243 α
1343 2208 1388 2242 ⁸9
1412 2217 1469 2242 re-

123 2246 242 2281 direm
259 2247 349 2282 tVP
367 2249 543 2285 reducem
561 2254 599 2285 et
618 2251 651 2286 G
700 2257 741 2286 12
760 2252 909 2288 Heroici
929 2252 961 2288 G
978 2252 1135 2288 herotici
1156 2251 1190 2286 V
1225 2253 1270 2287 ba
1319 2255 1360 2286 17
1378 2251 1468 2286 orbe

125 2291 279 2371 ι6]’2111)1ι;ὶ18
315 2292 426 2329 VPba
520 2295 591 2330 *19
623 2296 784 2331 eufrates
814 2297 845 2332 V
935 2302 978 2333 22
1007 2297 1151 2332 nicator
1184 2296 1273 2332 V'G·
1307 2296 1461 2331 nicanor

237 2347 261 2371 a
800 2343 805 2351 1
