1573 2508
133 88 188 130 512
672 73 1012 115 XV4‚9—5,5

135 182 229 224 luce
260 173 564 228 redintegratis
596 169 761 212 uiribus
794 165 956 221 agmini
983 162 1160 218 quisque
1188 157 1361 213 proprio
1393 168 1485 197 sese

137 235 411 282 consociauit.
460 233 505 273 in
526 244 608 285 quo
630 242 730 270 casu
761 226 824 267 ita
854 223 970 265 tristi
991 225 1033 262 et
1064 219 1240 273 inopino
1267 213 1486 258 abundans

137 310 338 341 numerus
372 293 635 334 armatorum
667 289 709 328 et
741 282 903 325 tribuni
936 277 1165 322 desiderati
1203 278 1301 317 sunt
1332 273 1488 314 decem.

139 358 179 398 9.
199 356 253 397 ob
276 367 382 408 quae
405 347 635 392 Alamanni
662 342 845 386 sublatis
867 339 1021 382 animis
1042 335 1225 379 ferocius
1246 332 1488 375 incedentes

141 413 295 457 cotidie
327 423 458 466 prope
491 406 757 448 munimenta
789 401 982 442 Romana
1024 396 1236 438 adimente
1276 389 1487 432 matutina
1505 400 1522 426 5

142 473 300 516 nebula
339 471 476 511 lucem
517 464 678 507 strictis
719 458 993 502 mucronibus
1038 451 1333 496 discurrebant
1383 448 1491 490 fren-
1539 442 1546 481 ἶ

144 532 280 575 dendo
312 529 451 570 minas
484 524 669 567 tumidas
702 520 978 562 intentantes,
1040 511 1288 568 egressique
1321 509 1492 562 repente

146 589 329 635 Scutarii
371 601 466 628 cum
508 583 676 624 obiectu
715 583 953 620 tmmarum
992 571 1216 614 hostilium
1257 564 1494 621 repercussi

146 650 381 698 stetissent,
412 657 558 686 omnes
592 654 692 682 suos
725 634 982 689 conspiratis
1003 630 1218 672 mentibus
1252 626 1422 668 ciebant
1443 622 1495 664 ad

146 721 348 764 pugnam.
396 705 460 745 10.
491 715 639 743 uerum
672 711 767 739 cum
798 695 1025 749 plerosque
1058 688 1240 731 recentis
1271 696 1496 727 aerumnae
1518 695 1531 719 ι

148 767 403 809 documenta
434 762 647 803 terrerent
668 759 706 798 et
735 755 876 796 intuta
897 752 986 792 fore
1006 748 1175 791 residua
1196 744 1369 787 credens
1401 741 1499 782 hae-

147 828 264 869 reret
301 821 494 873 Arbetio,
531 822 619 860 tres
659 813 785 856 simul
826 810 1013 852 exiluere
1051 804 1225 856 tribuni,
1264 800 1498 844 Arintheus

153 899 285 940 agens
317 882 454 923 uicem
494 879 806 919 armaturarum
838 867 1017 910 rectoris
1051 870 1093 907 et
1126 860 1389 906 Seniauchus
1429 857 1500 913 qui

154 943 397 999 equestrem
428 942 616 979 turmam
636 932 840 975 comitum
873 927 1075 968 tuebatur
1108 928 1150 964 et
1170 922 1320 975 Bappo
1347 918 1502 960 ducens

1546 853 1560 972 Ξ

153 1003 383 1045 Promotos
405 1017 1017 1038 ..............................
1038 982 1182 1024 missis
1201 979 1282 1021 sibi
1321 979 1384 1018 11.
1405 1007 1504 1017 .....

157 1091 306 1103 .......
345 1071 470 1099 causa
505 1050 741 1096 communis
771 1047 891 1089 uelut
917 1043 1090 1098 propria
1118 1074 1126 1081 .
1142 1073 1150 1081 .
1165 1073 1173 1081 .
1189 1072 1197 1080 .
1213 1071 1220 1080 .
1237 1071 1245 1079 .
1260 1071 1268 1078 .
1285 1071 1292 1078 .
1307 1070 1315 1078 .
1331 1069 1340 1077 .
1355 1069 1363 1077 .
1380 1068 1388 1075 .
1403 1068 1411 1076 .
1427 1067 1436 1076 .
1450 1066 1458 1074 .
1474 1066 1482 1074 .
1497 1066 1506 1074 .
1543 1034 1557 1078 'a

157 1122 349 1162 ueterum
370 1113 564 1167 exemplo
597 1112 817 1161 instarque
850 1102 1037 1145 fluminis
1064 1099 1261 1141 hostibus
1296 1092 1507 1149 superfusi
1549 1083 1558 1154 3⁴

158 1193 245 1220 non
275 1177 389 1218 iusto
422 1171 587 1228 proelio
609 1168 680 1210 sed
701 1161 1037 1207 discursionibus
1054 1188 1252 1200 .........
1284 1153 1507 1196 uniuersos
1540 1164 1559 1208 g

159 1239 205 1279 in
242 1236 391 1289 fugam
429 1243 607 1285 coegere
647 1223 953 1267 foedissimam.
1022 1218 1094 1272 qui
1132 1213 1314 1269 dispersi
1351 1210 1509 1253 laxatis
1543 1205 1558 1259 ἢ

162 1294 383 1338 ordinibus
403 1290 586 1343 dumque
608 1284 721 1327 elabi
754 1281 986 1337 properant
1019 1274 1214 1330 impediti
1241 1284 1421 1326 corpora
1439 1283 1512 1310 nu·
1553 1262 1561 1278 ’“

163 1355 312 1396 dantes
351 1351 513 1391 intecta
553 1345 794 1401 gladiorum
832 1340 1136 1390 hastarmnque
1175 1331 1318 1373 densis
1356 1328 1512 1370 ictibus
1545 1339 1558 1383 ζ

164 1410 486 1455 truncabantur.
518 1406 583 1447 12.
604 1401 812 1455 multique
833 1411 928 1440 cum
950 1395 1068 1450 equis
1088 1389 1305 1434 interfecti
1324 1388 1513 1430 iacentes
1544 1386 1558 1431 ἐ

167 1471 297 1513 etiam
328 1471 421 1510 tum
453 1478 600 1507 eorum
632 1460 770 1503 dorsis
803 1456 1058 1499 uidebantur
1095 1450 1255 1493 imiexi:
1298 1460 1381 1502 quo
1419 1445 1513 1487 uiso
1547 1442 1557 1461 ”·

168 1543 315 1572 omnes
355 1542 376 1568 e
410 1524 561 1568 castris
602 1519 735 1572 effusi,
773 1516 845 1571 qui
883 1512 1053 1569 prodire
1091 1511 1136 1551 in
1173 1506 1384 1563 proelium
1422 1517 1517 1546 cum
1555 1516 1557 1518 ·

170 1588 298 1631 sociis
319 1583 611 1639 ambigebant,
641 1576 816 1621 cauendi
849 1574 1104 1615 inmemores
1125 1565 1404 1623 proterebant
1426 1562 1518 1604 bar-

169 1648 321 1689 baram
352 1644 536 1698 plebem,
566 1638 651 1681 nisi
679 1650 785 1691 quos
818 1634 923 1687 fuga
943 1631 1158 1672 exemerat
1184 1624 1326 1677 morti,
1357 1621 1519 1664 calcan-
1554 1623 1558 1626 ’

171 1710 238 1747 tes
278 1703 532 1746 cadauerum
571 1701 710 1742 strues
750 1697 793 1735 et
831 1690 991 1746 perfusi
1036 1686 1153 1729 sanie
1191 1683 1521 1739 peremptorum.
1551 1680 1557 1688 “

177 1765 242 1806 13.
264 1763 430 1816 hocque
463 1759 578 1800 exitu
610 1754 774 1810 proelio
807 1749 1035 1792 terminato
1069 1746 1302 1799 imperator
1319 1738 1522 1781 Mediola-

175 1837 276 1865 num
308 1821 361 1862 ad
392 1819 574 1860 hiberna
606 1827 739 1856 ouans
773 1808 950 1851 reuertit
981 1809 1025 1847 et
1056 1805 1206 1846 laetus.
1555 1842 1557 1846 ι

297 1879 340 1921 5.
372 1879 408 1919 1.
439 1875 646 1918 Exoritur
666 1873 753 1913 iam
772 1869 871 1910 hinc
891 1865 1018 1907 rebus
1039 1861 1222 1905 adflictis
1242 1859 1348 1900 haut
1367 1854 1525 1910 dispari

178 1937 495 1995 prouinciarum
527 1933 641 1975 malo
674 1928 969 1971 calamitatum
1001 1922 1127 1964 turbo
1158 1930 1367 1961 nouarum
1394 1909 1557 1957 enin-L>

180 2003 325 2040 cturus
347 1994 493 2037 omnia
514 1991 654 2042 simul,
684 1989 727 2030 ni
754 1987 928 2028 fortuna
954 1979 1212 2024 moderatrix
1244 1976 1527 2018 humanorum
1541 1970 1557 2006 ¹⁴·

274 2145 293 2174 4
320 2138 503 2174 ferocibus
534 2135 600 2169 VP
626 2132 831 2168 incidentes
862 2127 972 2171 VPby
1035 2127 1072 2159 11
1101 2124 1139 2158 et
1161 2132 1226 2156 om.
1259 2119 1325 2154 VP
1381 2120 1423 2152 15
1473 2125 1553 2150 ro«.

186 2187 287 2222 moto
308 2185 388 2228 [lac.
409 2187 452 2218 30
469 2184 504 2224 (9
523 2180 574 2224 G)
591 2179 661 2212 litt.
692 2176 812 2211 missis
830 2173 899 2208 sibi
930 2172 996 2207 lac.
1017 2173 1056 2204 12
1074 2172 1108 2212 (8
1128 2167 1177 2209 G)
1194 2165 1277 2210 lita]
1297 2173 1407 2199 causa
1428 2126 1533 2195 VPGP

189 2234 230 2266 16
282 2228 382 2274 ropri
409 2227 489 2271 [lac.
514 2228 557 2259 ‘20
581 2223 653 2259 litt.
694 2222 864 2255 ueterum
925 2217 961 2251 P
1023 2217 1065 2249 18
1089 2207 1377 2246 discursionibus
1403 2205 1488 2251 [lac.
1512 2207 1553 2245 9,,

187 2277 259 2313 lite.
295 2273 486 2308 uniuersos
510 2268 576 2303 VP
599 2268 639 2302 in
679 2276 734 2302 ac.
751 2266 858 2299 inser.
887 2260 991 2306 uagis
1016 2266 1183 2304 pugnare
1207 2253 1325 2289 solitis
1370 2254 1414 2286 ‘22
1430 2251 1561 2292 trun-u*

189 2319 372 2356 cabantur
395 2316 497 2360 Pbya
530 2311 798 2347 srnncabantur
829 2308 859 2342 V
948 2308 992 2340 23
1023 2301 1191 2337 dorsibns
1229 2297 1296 2333 VP
1327 2294 1470 2335 ossibus
1493 2282 1555 2338 byffi

189 2368 233 2400 26
258 2374 350 2408 quos
376 2361 409 2395 G
433 2360 518 2404 post
548 2356 658 2392 VPba
1540 2338 1557 2375 ὅ
