1614 2549
579 61 814 98 IVLIANVS
839 65 905 98 362
1338 61 1421 103 283

72 160 239 202 staculo
271 157 476 212 migrant,
507 156 656 198 eodem
688 160 892 210 carpenta
926 170 1009 211 quo
1042 155 1220 198 libuerit
1251 155 1423 196 conuol-

72 221 234 261 uentes.

189 277 259 318 43.
305 274 414 317 Cum
458 277 603 316 autem
641 274 694 315 ad
737 273 872 315 alium
915 276 1171 328 portuosum
1210 271 1423 314 ambitum

70 335 203 377 fuerit
233 338 424 388 uentum,
456 334 530 388 qui
563 348 684 375 arcus
716 333 901 387 figuram
922 332 1180 374 determinat
1211 331 1424 383 ultimam,

37 403 55 430 5
73 393 212 436 Ρο1100
249 394 466 448 prominet
503 392 655 446 insula,
688 406 817 446 quam
855 390 1166 432 circumcolunt
1205 388 1426 444 Trogody-

72 456 144 495 tae
188 455 232 494 et
274 452 451 494 Peucini
495 451 767 505 minoresque
813 450 922 491 aliae
962 452 1125 503 gentes,
1170 451 1212 489 et
1249 447 1423 489 Histros

74 511 291 566 quondam
329 510 633 565 potentissima
671 509 836 562 ciuitas,
875 511 918 549 et
951 507 1078 549 Tomi
1117 509 1160 548 et
1190 505 1425 560 Apollonia

74 573 117 612 et
146 570 385 611 Anchialos
418 571 461 610 et
494 568 683 622 Odissos,
716 568 825 609 aliae
857 569 1081 620 praeterea
1111 565 1286 618 multae,
1319 578 1424 618 quas

73 629 205 670 litora
241 628 463 670 continent
503 626 798 668 Thraciarum.
858 626 927 666 44.
967 624 1105 666 amnis
1144 637 1245 664 uero
1283 623 1427 664 Danu-

19 697 54 723 10
72 688 170 729 bius
210 687 352 728 oriens
396 701 528 740 prope
565 685 784 726 Rauracos
817 687 962 726 monte
1002 683 1166 724 confine
1209 681 1424 722 limitibus

72 746 266 788 Raeticis
297 760 373 799 per
410 745 613 786 latiorem
645 744 794 785 orbem
824 745 1074 796 praetentus
1115 755 1162 782 ac
1201 740 1427 794 sexaginta

71 804 336 860 nauigabilis
367 818 500 858 paene
521 816 656 845 omnes
675 802 885 855 recipiens
911 801 1080 854 fluuios,
1112 801 1277 852 septem
1303 797 1426 839 ostiis

71 878 149 918 per
186 864 267 905 hoc
301 862 550 917 Scythicum
588 861 692 902 litus
727 860 913 914 erumpit
952 859 997 900 in
1028 871 1157 899 mare.
1219 856 1289 898 45.
1326 870 1426 910 quo—

73 937 172 964 rum
209 922 399 976 primum
440 924 504 962 est
535 920 673 961 Peuce
712 918 855 960 insula
894 932 1023 971 supra
1053 917 1179 968 dicta,
1217 918 1267 956 ut
1298 915 1428 955 inter-

18 989 54 1015 15
72 984 248 1035 pretata
279 982 378 1022 sunt
408 979 623 1020 uocabula
642 977 804 1019 Graeco
838 990 1047 1030 sermone,
1080 973 1317 1016 secundum
1343 972 1429 1014 Na-

72 1042 331 1093 racustoma,
350 1038 531 1080 tertium
551 1036 842 1089 Calonstoma,
869 1037 1071 1090 quartum
1090 1033 1148 1074 Ps
1158 1032 1428 1084 eudostoma3

75 1113 178 1140 nam
215 1098 522 1139 Borionstoma
567 1110 614 1137 ac
654 1095 804 1136 deinde
844 1093 1121 1135 Stenostoma
1157 1089 1430 1144 languidiora

75 1160 178 1199 sunt
210 1157 381 1210 ceteris,
416 1155 649 1209 septimum
682 1154 854 1207 segnius
889 1155 932 1193 et
964 1151 1150 1205 palustri
1190 1149 1329 1203 specie
1367 1148 1430 1189 nj-

77 1229 217 1271 grum.

19 1283 56 1309 20
194 1274 264 1316 46.
303 1273 453 1315 Omnis
493 1275 639 1313 autem
678 1270 928 1312 circumfluo
976 1268 1144 1309 ambitu
1181 1266 1348 1307 Pontus
1388 1266 1431 1305 et

74 1334 310 1375 nebulosus
344 1335 420 1386 est,
454 1334 496 1373 et
528 1331 693 1372 dulcior
727 1343 960 1383 aequorum
981 1327 1135 1368 ceteris
1158 1328 1200 1366 et
1231 1324 1432 1376 uadosus,

76 1392 191 1447 quod
233 1395 276 1433 et
317 1390 553 1432 concrescit
585 1404 657 1430 aer
690 1403 740 1430 ex
780 1401 981 1429 umorum
1026 1384 1259 1440 spiramine
1305 1395 1431 1436 saepe

76 1451 293 1504 densatus,
326 1453 368 1491 et
399 1448 664 1490 inruentium
696 1447 908 1488 undarum
940 1443 1238 1499 magnitudine
1270 1445 1432 1495 tempe-

75 1512 212 1564 ratur,
244 1512 287 1550 et
318 1507 541 1562 consurgit
572 1507 618 1549 in
648 1506 799 1547 breuia
830 1505 1048 1556 dorsuosa,
1080 1503 1234 1543 limum
1262 1500 1434 1554 globos-

22 1575 58 1602 25
79 1583 160 1623 que
212 1568 442 1622 adgerente
492 1565 771 1607 multitudine
822 1561 1254 1605 circumuenientium
1303 1558 1434 1599 fiuen-

78 1630 235 1669 torum.
296 1627 366 1667 47.
399 1629 442 1667 et
474 1627 643 1666 constat
676 1624 728 1665 ab
761 1622 930 1663 ultimis
950 1620 1090 1662 nostri
1121 1619 1280 1660 finibus
1301 1616 1433 1658 maris

81 1685 340 1741 agminatim
383 1684 436 1726 ad
476 1683 590 1724 hunc
632 1695 847 1724 secessum
877 1679 1073 1734 pariendi
1105 1677 1249 1732 gratia
1289 1677 1434 1729 petere

78 1745 231 1799 pisces,
262 1746 311 1785 ut
344 1757 553 1797 aquarum
592 1741 808 1782 suauitate
850 1738 1067 1780 salubrius
1099 1737 1214 1777 fetus
1253 1734 1437 1776 educant

80 1804 127 1844 in
157 1801 441 1857 receptaculis
474 1800 591 1842 cauis
624 1824 679 1829 —
711 1812 814 1852 quac
853 1800 952 1838 sunt
983 1797 1047 1837 ibi
1085 1793 1342 1836 densissima
1379 1815 1435 1821 -—

23 1869 62 1896 30
83 1862 221 1904 securi
252 1860 474 1903 uoracium
505 1859 750 1900 beluarum:
781 1856 892 1898 m’hil
925 1855 1040 1896 enim
1071 1853 1118 1894 in
1136 1853 1277 1894 Ponto
1309 1850 1435 1891 huius

81 1920 200 1962 modi
232 1918 464 1975 aliquando
498 1921 563 1960 est
595 1917 749 1969 uisum,
781 1917 951 1969 praeter
982 1912 1179 1954 innoxios
1210 1908 1436 1964 delphinas

175 2025 224 2057 *1
258 2022 389 2057 eodem
430 2020 545 2056 VPba
579 2019 712 2054 eadem
751 2019 785 2053 G
877 2021 897 2051 6
922 2015 1077 2051 Peucini
1111 2014 1144 2048 G
1173 2013 1289 2048 Peuci
1323 2010 1438 2046 VPba

86 2072 106 2103 7
131 2067 316 2112 potissimi
344 2067 412 2101 VP
460 2070 501 2100 10
525 2066 653 2100 monte
679 2063 824 2098 confine
849 2061 962 2096 Salm.
987 2070 1101 2096 exerc.
1126 2059 1231 2093 Plin.
1251 2067 1291 2102 p.
1309 2058 1378 2091 186
1390 2056 1439 2106 A.

85 2113 233 2147 montes
265 2111 427 2147 confines
464 2110 570 2144 VGA
607 2108 771 2144 confines
801 2117 869 2142 om.
900 2107 958 2141 Pb
1067 2108 1109 2139 12
1141 2112 1269 2138 omnes
1302 2100 1439 2136 addzdz

86 2167 154 2192 om.
180 2157 284 2192 codd.
356 2161 397 2191 13
421 2155 511 2190 h'tus
534 2154 667 2198 scripsi
689 2153 788 2188 latus
811 2151 917 2189 codd.
984 2154 1024 2184 17
1049 2147 1286 2194 languidiora
1308 2145 1440 2195 scripsi

88 2201 290 2254 (cf-‘Selm-
318 2201 373 2236 ed.
399 2200 454 2235 M.
475 2210 516 2243 10.
540 2202 605 2250 530,
635 2200 693 2241 15)
719 2198 830 2242 longe
855 2196 1002 2230 minora
1027 2194 1130 2230 codd.
1225 2195 1265 2227 18
1290 2201 1439 2235 segnius

85 2257 396 2326 {Tgsssssffiusa
403 2245 688 2324 ἶέἶῖἶοέἓὲῗῗ)
710 2243 890 2322 ἕζΐωοεῖῗ
904 2234 1441 2329 ὺῖθῃὲπὲιέιὲεξὶῐῗθῖθίρῖξ

85 2340 128 2372 29
153 2346 249 2380 quae
277 2335 311 2371 G
334 2345 401 2372 om.
426 2334 531 2371 codd.
