1614 2549
67 399 85 425 5

49 692 85 717 10

50 985 85 1010 15

50 1278 85 1303 20

50 1571 86 1596 25

375 54 712 90 CONSTANTIVS
736 53 799 89 ET
824 51 1054 87 IVLIANVS
1079 56 1145 88 360
1367 51 1451 94 203

105 150 374 192 detrectabat
418 164 467 191 ea
510 150 676 190 ratione
720 163 880 203 pauore
924 150 1065 189 mente
1103 146 1298 200 confusa,
1340 145 1452 200 quod

106 212 253 263 aperte
291 208 452 262 scripta
495 208 799 263 significabant
843 208 896 249 ab
938 207 1196 261 imperatore
1239 219 1452 259 nusquam

104 267 271 321 diiungi
290 267 442 308 debere
474 267 737 320 praefectum
770 267 815 307 in
835 265 985 308 ardore
1017 265 1278 306 terribilium
1297 277 1452 305 rerum.

105 326 402 380 adiectumque
432 329 498 366 est
519 325 641 380 quod,
672 325 708 366 si
727 339 980 378 procursare
1000 323 1328 376 dissimulasset,
1360 323 1452 376 ipse

104 385 279 439 propria
317 388 470 438 sponte
507 384 720 438 proiceret
756 383 947 437 insignia
978 382 1257 436 principatus,
1296 381 1454 436 glorio-

106 458 200 484 sum
241 458 332 484 esse
374 443 626 485 existimans
669 443 785 484 iussa
826 444 964 483 morte
998 444 1212 494 oppetere,
1245 454 1373 494 quam
1411 439 1451 480 ei

104 501 423 556 prouinciarum
454 501 677 543 interitum
710 501 943 555 adsignari.
1004 499 1078 540 sed
1108 499 1214 540 uicit
1244 498 1452 552 praefecti

103 560 374 614 propositum
405 560 603 614 pertinax
635 560 716 613 1113,
737 574 844 614 quae
870 558 1193 600 rationabiliter
1222 557 1454 611 posceban—

103 622 186 673 tur,
216 633 367 672 parere
400 619 672 660 contentione
705 619 893 663 maxima
925 616 1192 658 reluctantis.

223 677 262 718 9.
293 677 412 719 Inter
442 678 521 719 has
553 680 700 718 tamen
731 691 873 719 moras
913 675 1104 717 absentis
1136 674 1334 728 Lupicini
1366 688 1454 715 mo-

103 739 258 790 tusque
291 737 501 777 militares
539 736 734 777 timentis
772 735 991 789 praefecti,
1029 734 1222 775 Iulianus
1256 733 1454 774 consilia-

103 798 248 836 torum
280 795 537 836 adminiculo
569 795 801 836 destitutus
835 793 1095 847 ancipitique
1136 792 1349 833 sententia
1381 791 1455 832 flu-

105 856 254 895 ctuans
299 854 342 894 id
387 855 596 907 optimum
640 853 758 894 factu
802 852 1086 894 existimauit:
1137 851 1209 892 uia
1254 850 1455 891 sollemni

105 914 278 954 cunctos
317 927 338 953 e
377 913 638 953 stationibus
673 925 881 965 egressos,
919 911 964 952 in
996 910 1151 964 quibus
1189 909 1455 959 hiemabant,

106 973 321 1012 maturare
354 971 577 1024 disposuit.
644 971 707 1012 10.
739 970 903 1024 110001110
942 972 1146 1023 conperto
1186 967 1298 1021 apud
1329 967 1456 1008 Petu-

104 1030 289 1071 lantium
321 1030 445 1084 signa
477 1030 692 1070 famosum
726 1029 898 1083 quidam
931 1028 1129 1070 libellum
1166 1027 1288 1067 humi
1317 1026 1454 1080 proie-

104 1089 163 1129 cit
194 1089 372 1141 occulte7
404 1089 517 1129 inter
550 1088 636 1129 alia
669 1088 806 1129 multa
827 1088 958 1128 etiam
990 1087 1032 1127 id
1053 1087 1344 1127 continentem
1364 1084 1453 1125 ‘nos

105 1147 275 1201 quidem
308 1148 360 1188 ad
393 1148 510 1188 orbis
542 1150 755 1188 terrarum
788 1150 978 1187 extrema
1010 1148 1056 1186 ut
1096 1144 1215 1186 noxii
1252 1143 1456 1198 pellimur

105 1208 148 1246 et
185 1206 389 1259 damnati,
428 1206 629 1247 caritates
669 1220 769 1246 uero
808 1208 982 1246 nostrae
1019 1203 1276 1245 Alamannis
1315 1202 1470 1243 denuo

106 1264 306 1318 semient,
340 1280 444 1319 quas
466 1264 718 1318 captiuitate
739 1264 879 1318 prima
905 1266 1003 1317 post
1031 1262 1318 1303 interneciuas
1351 1261 1456 1301 libe-

104 1323 294 1364 rauimus
326 1324 518 1377 pugnas.
565 1324 630 1364 11.
664 1337 745 1377 quo
778 1325 899 1363 textu
920 1321 973 1363 ad
999 1321 1253 1362 comitatum
1285 1320 1454 1374 perlato

105 1382 302 1436 lectoque
341 1381 533 1423 Iulianus
579 1381 875 1435 contemplans
920 1380 1203 1421 rationabiles
1248 1378 1457 1433 querelas,

106 1454 202 1481 cum
232 1440 412 1482 familiis
446 1455 518 1482 eos
552 1440 604 1481 ad
637 1440 845 1481 orientem
876 1439 1089 1493 proficisci
1109 1438 1340 1492 praecepit,
1373 1436 1455 1478 013-

107 1499 269 1540 bularis
303 1514 450 1541 cursus
482 1499 690 1541 facultate
723 1499 944 1552 permissa,
978 1503 1020 1538 et
1047 1512 1142 1538 cum
1163 1496 1456 1550 ambigeretur

106 1558 266 1599 diutius
300 1573 382 1613 qua
414 1560 644 1612 pergerent
676 1558 759 1611 uia,
797 1557 961 1611 placuit
992 1557 1163 1598 notario
1198 1557 1455 1610 sugo-arente

105 1615 313 1658 Decentio
346 1632 421 1670 per
453 1617 643 1658 Parisios
678 1631 825 1658 omnes
857 1615 1056 1668 transire,
1093 1615 1169 1656 ubi
1206 1614 1457 1655 morabatur

107 1674 244 1716 adhuc
278 1675 437 1717 Caesar
467 1690 681 1730 nusquam
712 1678 867 1717 motus.
932 1675 997 1715 12.
1031 1677 1073 1715 et
1104 1675 1165 1715 ita
1187 1676 1252 1714 est
1283 1672 1456 1714 factum.

106 1734 325 1788 isdemque
358 1735 689 1775 aduentantibus
723 1734 768 1775 in
800 1733 1057 1775 suburbanis
1090 1733 1288 1786 princeps
1316 1745 1457 1772 occur-

105 1793 175 1846 rit,
219 1807 269 1834 ex
313 1808 431 1834 more
476 1793 655 1834 laudans
695 1807 801 1848 quos
841 1792 1117 1846 agnoscebat⁷
1160 1791 1457 1842 factorumque

200 1934 216 1964 1
245 1941 289 1964 ea
311 1931 415 1974 Rb9ee
442 1941 485 1965 ae
515 1930 582 1965 VP
630 1935 648 1964 2
674 1931 801 1974 aperte
826 1931 958 1974 scripsi
982 1930 1111 1973 aperta
1135 1928 1238 1963 codd.
1314 1931 1336 1961 4
1360 1926 1458 1961 adie-

108 1975 283 2018 ctumque
312 1976 382 2010 GA
406 1975 593 2010 adiectum
619 1975 719 2019 quod
749 1974 765 2007 1
768 1974 837 2008 Pb
929 1984 1146 2026 procursare
1172 1971 1303 2016 scripsi
1326 1982 1458 2016 procu-

108 2030 190 2054 1310
221 2020 359 2065 IPb9a
452 2031 648 2070 «1111011113
683 2019 805 2053 fronte
836 2019 880 2063 b9
971 2022 990 2052 6
1023 2029 1057 2052 01
1087 2017 1254 2052 valesius
1284 2017 1324 2050 et
1353 2015 1458 2050 codd.

108 2074 176 2099 om.
203 2065 271 2108 bya
363 2069 382 2099 7
415 2036 483 2098 sibi
514 2064 695 2109 assignari
728 2064 761 2098 G
856 2068 894 2097 11
926 2063 1091 2097 Iulianus
1124 2063 1158 2098 G
1181 2061 1322 2096 iuliano
1353 2060 1457 2095 codd

110 2109 387 2144 consiliatorum
411 2110 542 2152 scripsi
567 2094 805 2143 consiliorum
830 2108 932 2143 codd.
1027 2112 1068 2142 13
1094 2107 1195 2142 factu
1227 2107 1294 2151 bya
1318 2106 1459 2140 factum

109 2153 212 2189 codd.
285 2154 514 2188 existimauit
543 2153 656 2188 VPba
681 2153 895 2188 existimans
938 2153 971 2187 G
1062 2153 1125 2186 uia
1162 2152 1196 2186 G
1234 2151 1314 2185 uita
1346 2150 1459 2185 VPba

111 2202 153 2233 19
192 2199 351 2233 153111113151
387 2199 490 2234 codd.
526 2198 697 2233 imbelles
736 2198 780 2242 by
871 2202 913 2232 22
951 2197 1125 2241 lectoque
1166 2196 1273 2231 VGP
1308 2205 1372 2230 om.
1417 2195 1457 2229 ba

110 2247 153 2277 23
179 2243 376 2277 clauularis
401 2244 506 2279 codd.
598 2247 640 2277 24
671 2243 921 2278 ambiceretur
955 2242 1023 2277 VP
1107 2246 1149 2276 26
1181 2241 1356 2286 parrisios
1391 2239 1459 2273 VP

110 2289 405 2368 omnquscripsi
439 2288 610 2323 homines
645 2287 748 2323 codd.
848 2291 891 2322 28
934 2286 1154 2321 suburbanis
1197 2286 1241 2331 by
1281 2283 1460 2320 suburba-

110 2342 178 2366 nos
