1614 2549
387 36 726 80 CONSTANTIVS
750 35 814 70 ΕΤ
838 28 1073 68 IVLIANVS
1097 30 1160 62 361
1365 21 1449 64 263

220 141 288 184 15.
318 139 380 181 Vt
412 140 556 179 autem
587 134 633 175 in
659 129 846 173 externis
876 125 1006 168 bellis
1037 122 1109 164 hic
1138 119 1336 175 princeps
1368 115 1453 156 fuit

103 202 272 246 saucius
305 201 348 240 et
368 196 576 247 adflictus,
607 192 671 233 ita
701 200 904 244 prospere
937 179 1262 226 succedentibus
1294 174 1452 230 pugnis

109 493 345 538 Pannoniis
365 489 508 532 titulis
530 489 753 541 gestorum
773 479 937 532 adfixis,
957 473 1099 531 quoad
1113 475 1227 514 stare
1246 469 1463 524 poterunt,

112 553 392 597 monumenta
422 545 613 589 lecturis.
678 542 743 583 16.
775 537 982 580 uxoribus
1016 536 1058 575 et
1096 530 1335 586 spadonum
1368 539 1464 580 gra-

114 612 284 655 cilentis
315 608 494 651 uocibus
528 607 570 645 et
602 599 806 657 palatinis
841 593 1099 651 quibusdam
1129 588 1312 631 nimium
1337 598 1467 639 quan-

62 689 96 714 10
114 676 210 714 tum
241 668 436 711 addictus
477 664 529 706 ad
568 660 741 715 singula
778 658 868 698 eius
906 653 1042 695 uerba
1078 645 1384 704 plaudentibus
1427 644 1469 682 et

116 730 219 831 (ἓξᾶ
249 728 324 771 ille
357 726 445 767 aiat
466 725 540 764 aut
559 722 701 774 neget,
732 720 781 758 ut
802 711 1009 756 adsentiri
1027 709 1208 764 possint,
1241 705 1470 746 obseruan-

139 805 154 831 1
185 804 247 830 us.

72 981 106 1007 15
125 964 331 1020 pecuniae
377 955 701 1001 conferentium.
767 951 933 1003 hocque
977 943 1128 986 multis
1172 935 1477 981 intolerantius

125 1023 373 1073 uidebatur,
418 1016 532 1072 quod
574 1027 650 1055 nec
696 1023 870 1052 causam
915 1001 1146 1058 aliquando
1192 995 1359 1039 audiuit
1401 1006 1480 1034 nec

126 1079 451 1138 prouinciarum
482 1069 758 1115 indemnitati
788 1063 1023 1121 prospexit,
1056 1074 1152 1102 cum
1179 1050 1481 1108 multiplicatis

128 1140 306 1183 tributis
340 1140 382 1178 et
412 1131 703 1186 uectigalibus
723 1126 997 1168 uexarentur.
1047 1121 1221 1171 eratque
1255 1126 1381 1166 super
1412 1109 1482 1150 his

134 1200 321 1242 adimere
352 1194 494 1236 facilis
528 1204 635 1245 quae
668 1186 867 1228 donabat.

79 1276 114 1301 20
254 1257 321 1298 18.
353 1251 647 1295 Christianam
679 1244 936 1298 religionem
969 1237 1216 1280 absolutam
1248 1234 1291 1272 et
1324 1226 1488 1281 simpli-

135 1333 227 1360 cem
259 1314 365 1356 anili
397 1307 703 1364 superstitione
742 1300 1017 1350 confundens,
1055 1296 1102 1335 in
1133 1306 1217 1347 qua
1256 1285 1488 1330 scrutanda

134 1373 383 1432 perplexius
424 1382 553 1424 quam
591 1361 870 1418 conponenda
914 1355 1112 1412 grauius,
1157 1346 1365 1392 excitauit
1409 1344 1491 1384 dis-

137 1435 248 1477 cidia
267 1431 468 1487 plurima,
501 1439 608 1480 quae
628 1434 861 1478 progressa
886 1417 1024 1458 fusius
1046 1412 1153 1454 aluit
1175 1403 1491 1450 concertatione

138 1494 390 1541 uerborum,
434 1490 483 1527 ut
528 1482 714 1525 cateruis
759 1476 1008 1520 antistitum
1052 1468 1257 1512 iumentis
1306 1461 1494 1518 publicis

86 1569 121 1594 25
140 1553 257 1595 ultro
291 1550 485 1601 citroque
507 1538 846 1584 discurrentibus
878 1549 954 1589 per
987 1529 1185 1586 synodos,
1219 1538 1323 1580 quas
1352 1519 1494 1575 appel-

142 1613 248 1663 lant,
291 1609 393 1649 dum
436 1605 572 1645 ritum
613 1612 784 1641 omnem
826 1595 878 1636 ad
917 1605 1041 1634 suum
1079 1586 1253 1630 trahere
1286 1581 1497 1623 conantur

145 1668 387 1719 arbitrium,
418 1663 482 1704 rei
512 1657 803 1702 uehiculariae
837 1651 1074 1694 succideret
1104 1657 1274 1687 neruos.

268 1726 333 1767 19.
375 1723 539 1776 Figura
580 1718 662 1760 tali
706 1716 875 1768 situque
920 1708 1231 1751 membrorum:
1282 1696 1501 1750 subniger,

147 1790 242 1830 luce
275 1784 499 1827 oculorum
520 1778 646 1829 edita,
679 1784 939 1824 cernensque
967 1769 1154 1817 acutum,
1185 1759 1311 1803 molli
1331 1754 1503 1810 capillo,

98 1862 133 1888 30
151 1847 262 1888 rasis
295 1841 469 1885 adsidue
503 1836 624 1892 genis
663 1831 907 1874 lucentibus
949 1826 1002 1868 ad
1040 1825 1247 1872 decorem,
1282 1828 1419 1869 usque
1453 1811 1505 1853 ad

247 2029 266 2060 7
292 2021 462 2057 adfixisse
492 2017 561 2051 VP
587 2015 679 2058 (sine
703 2011 784 2054 lae.)
810 2009 876 2044 lac.
901 2005 1017 2041 indic.
1041 2002 1163 2046 uulyo.
1211 2002 1230 2033 9
1254 1995 1412 2031 nimium
1440 1990 1511 2026 ΘΑ

514 2070 532 2089 8-

159 2105 264 2139 nium
286 2100 376 2135 VPb
423 2100 464 2132 11
484 2102 520 2142 et
539 2095 582 2129 ut
598 2091 705 2127 Vuel
723 2089 828 2134 qua
875 2079 1160 2120 obseruantibus
1177 2087 1245 2111 om.
1269 2075 1289 2109 b
1338 2077 1379 2107 13
1395 2068 1514 2115 possit

161 2152 246 2184 ante
274 2144 439 2190 augebat
462 2141 551 2177 add.
579 2138 662 2172 V¹P
720 2132 977 2178 flagitatorum
1001 2146 1046 2152 —-
1072 2128 1114 2159 14
1138 2122 1308 2158 odiorum
1339 2116 1427 2152 add.
1458 2113 1514 2148 Vm

162 2199 205 2229 21
223 2187 586 2236 super<in>stieione
609 2182 645 2216 V
687 2185 730 2215 23
748 2174 1024 2213 concertatione
1047 2171 1114 2214 hya
1128 2164 1429 2206 concertatioque
1448 2158 1516 2192 VP

163 2243 208 2274 25
231 2243 300 2282 per
323 2232 483 2279 synodos
511 2231 546 2266 G
568 2238 655 2273 pars
678 2224 809 2259 modos
838 2220 952 2255 VPba
1044 2219 1086 2249 26
1112 2211 1293 2248 conantur
1315 2207 1386 2242 VG
1409 2213 1517 2239 cona-

165 2285 227 2319 tur
251 2281 332 2317 Pba
423 2281 466 2312 29
493 2274 597 2311 edita
626 2271 695 2306 VG
719 2269 817 2304 elata
842 2267 886 2301 ba
979 2266 1021 2297 30
1046 2258 1151 2305 genis
1169 2258 1237 2302 bqa
1253 2252 1428 2300 gensibus
1451 2247 1518 2283 VP

166 2337 284 2371 usque
311 2324 358 2359 ad
385 2321 470 2357 V¹G
495 2320 660 2362 adusque
690 2313 820 2349 V2Pba
