1614 2549
513 37 850 74 CONSTANTIVS
875 42 942 73 354
1345 41 1401 83 45

51 135 275 177 nimietate
308 133 488 187 cogendi
521 132 730 186 quosdam
763 133 1044 188 extingueret,
1081 135 1401 188 praecursorius

52 194 177 235 index
215 191 508 233 Mediolanum
546 191 720 232 aduenit
758 191 1061 246 ingressusque
1099 193 1263 247 regiam
1303 197 1400 234 ante

52 252 179 307 pedes
211 250 392 305 proiecit
413 249 657 291 Constantii
689 250 808 291 uelut
841 251 981 304 spolia
1006 252 1119 305 regis
1152 252 1283 293 occisi
1302 251 1403 293 Par-

51 311 226 353 thorum
257 312 301 350 et
339 309 507 362 perlato
540 309 690 350 nuntio
723 309 961 363 repentino,
1003 310 1181 351 docente
1213 325 1305 352 rem
1341 311 1402 351 in-

17 387 35 415 5
54 371 271 424 speratam
315 371 358 409 et
402 368 578 408 arduam
623 367 674 408 ad
714 368 973 409 sententiam
1010 371 1148 409 totam
1191 369 1401 411 facilitate

53 427 323 481 completam,
372 426 419 467 hi
463 426 535 480 qui
579 440 789 467 summam
835 426 977 467 aulam
1020 428 1236 481 tenebant,
1287 429 1403 470 omni

53 485 247 540 placendi
287 485 427 526 studio
472 485 516 525 in
549 484 839 526 adulationem
878 500 928 526 ex
961 500 1077 527 more
1118 487 1289 527 conlato
1322 488 1403 528 uir-

52 547 190 586 tutem
221 544 558 597 felicitatemque
580 543 852 597 imperatoris
874 544 1140 585 extollebant
1160 545 1205 585 in
1226 546 1403 598 caelum,

53 603 170 645 cuius
202 605 309 643 nutu
341 603 385 643 in
405 602 577 643 modum
610 603 907 656 gregariorum
928 603 1114 644 militum
1147 603 1247 644 licet
1268 604 1402 645 diuer-

18 662 112 706 0sis
151 661 416 715 temporibus
455 661 536 702 duo
576 662 841 702 exauctorati
882 664 980 702 sunt
1017 662 1243 716 principes,
1275 662 1402 703 Vete-

53 721 172 761 ranio
187 720 390 760 nimirum
411 722 453 760 et
474 719 637 761 Gallus.
682 720 719 761 3.
741 734 823 774 quo
848 720 922 760 ille
938 721 1078 761 studio
1094 721 1404 762 blanditiarum

54 779 265 833 exquisito
288 779 482 820 sublatus
504 778 805 833 inmunemque
840 794 883 819 se
905 779 1055 820 deinde
1087 780 1178 820 fore
1212 780 1264 820 ab
1287 781 1403 820 omni

52 837 333 878 mortalitatis
372 837 641 878 incommodo
681 837 860 878 fidenter
892 838 1142 879 existimans
1176 838 1402 880 confestim

54 910 78 936 a
109 896 276 938 iustitia
307 896 540 937 declinauit
570 896 632 936 ita
669 896 1017 949 intemperanter,
1054 900 1103 937 ut
1132 896 1403 950 „Aeterni-

19 957 212 998 5tatem
248 954 437 996 meam“
476 955 735 1008 aliquotiens
782 955 1024 996 subsereret
1068 955 1159 1009 ipse
1204 955 1402 996 dictando

53 1013 360 1067 scribendoque
392 1013 567 1067 propria
604 1028 731 1054 manu
770 1013 886 1054 orbis
925 1014 1058 1054 totius
1099 1028 1142 1054 se
1185 1014 1403 1055 dominum

54 1072 303 1125 appellaret,
337 1072 448 1126 quod
468 1072 708 1113 dicentibus
743 1072 839 1112 aliis
871 1072 1146 1126 indignanter
1176 1073 1404 1114 admodum

52 1129 164 1171 ferre
196 1130 370 1171 deberet
401 1130 437 1170 is
471 1130 543 1184 qui
576 1131 628 1171 ad
661 1131 993 1171 aemulationem
1027 1131 1219 1172 ciuilium
1251 1131 1406 1185 princi-

53 1203 155 1242 pum
198 1189 383 1230 formare
428 1189 563 1230 uitam
607 1203 831 1243 moresque
877 1204 988 1242 suos,
1029 1193 1076 1230 ut
1119 1190 1405 1244 praedicabat,

18 1265 35 1291 ο
54 1246 281 1302 diligentia
294 1247 521 1289 laborabat
535 1248 669 1289 enixa.
695 1248 735 1289 4.
754 1262 937 1302 namque
953 1249 1084 1289 etiam
1100 1248 1135 1288 si
1150 1249 1405 1290 mundorum

53 1305 289 1347 infinitates
310 1305 548 1347 Democriti
580 1309 760 1360 regeret,
793 1320 899 1359 quos
920 1306 1176 1348 Anaxarcho
1197 1307 1405 1348 incitante

54 1377 235 1419 magnus
269 1365 514 1406 somniabat
534 1364 789 1417 Alexander,
821 1364 861 1404 id
883 1368 1127 1418 reputasset
1158 1366 1307 1420 legens
1333 1366 1404 1407 uel

54 1423 229 1464 audiens
269 1423 382 1477 quod
414 1447 469 1452 —
501 1426 549 1464 ut
593 1423 745 1465 docent
789 1423 1084 1465 mathematici
1129 1425 1404 1466 concinentes

54 1506 109 1511 ——
142 1481 327 1523 ambitus
359 1485 499 1523 terrae
532 1482 679 1535 totius,
713 1496 819 1535 quae
852 1483 974 1523 nobis
997 1483 1165 1524 uidetur
1196 1483 1404 1536 inmensa,

18 1557 34 1584 5
51 1541 109 1582 ad
157 1540 497 1595 magnitudinem
541 1541 835 1582 uniuersitatis
874 1541 1012 1582 instar
1049 1541 1192 1583 breuis
1239 1542 1406 1596 optinet

53 1599 215 1653 puncti.

172 1657 212 1699 2.
230 1658 265 1698 1.
278 1657 453 1712 Iamque
468 1661 568 1712 post
582 1658 868 1699 miserandam
885 1658 1015 1699 deleti
1029 1658 1225 1700 Caesaris
1241 1659 1405 1700 cladem

55 1718 236 1758 sonante
268 1716 557 1770 periculorum
588 1716 853 1758 iudicialium
885 1717 991 1758 tuba
1018 1718 1062 1758 in
1083 1718 1243 1759 crimen
1264 1718 1405 1759 laesae

58 1775 298 1817 maiestatis
319 1776 615 1816 arcessebatur
630 1775 854 1816 Vrsicinus
876 1776 1147 1817 adulescente
1161 1777 1300 1830 magis
1322 1790 1407 1817 ma-

57 1833 207 1888 gisque
228 1836 379 1881 contra
399 1834 488 1875 eius
510 1834 694 1875 salutem
715 1834 850 1874 liuore
872 1835 1069 1876 omnibus
1090 1835 1214 1876 bonis
1234 1834 1407 1875 infesto.

57 1892 190 1934 abac
204 1892 318 1933 enim
332 1893 616 1947 superabatur
635 1892 890 1933 difficultate
912 1894 1023 1947 quod
1050 1894 1101 1934 ad
1116 1893 1406 1946 suscipiendas

57 1951 325 1993 defensiones
376 1966 533 2006 aequas
584 1954 627 1992 et
676 1950 915 2004 probabilis
964 1952 1238 2005 imperatoris
1284 1965 1406 1992 aures

57 2009 252 2052 occlusae
272 2011 481 2064 patebant
504 2010 686 2051 susurris
708 2009 1003 2051 insidiantium
1024 2010 1314 2063 clandestinis,
1335 2009 1408 2064 qui

150 2140 192 2170 15
217 2138 399 2171 assereret
422 2137 465 2181 by
536 2140 576 2170 16
602 2135 667 2170 sed
692 2135 857 2170 omnium
888 2135 954 2170 VP
1018 2140 1060 2171 20
1085 2136 1282 2181 diligentia
1305 2135 1406 2170 labo-

58 2180 168 2215 rabat
202 2180 237 2215 G
267 2181 459 2226 diegentia
486 2181 682 2216 laboraeat
710 2179 777 2214 VP
847 2184 889 2213 ‘22
922 2180 1050 2225 legens
1074 2181 1142 2226 hya
1173 2180 1312 2225 degens
1342 2180 1408 2214 VP

58 2228 101 2259 25
114 2225 162 2259 ad
186 2226 275 2261 add.
302 2225 336 2260 G
382 2230 425 2260 27
440 2224 737 2260 demiserandam
755 2225 933 2271 Eyssenh.
959 2226 1100 2270 petiser
1125 2226 1176 2270 [rr
1197 2226 1245 2270 P]
1272 2224 1407 2259 andam

64 2269 131 2304 VP
159 2269 385 2305 horrendam
415 2271 484 2315 bqa
575 2273 617 2304 28
648 2270 788 2304 crimen
819 2270 922 2304 VAP
935 2270 1046 2304 turba
1071 2271 1114 2315 by
1171 2274 1214 2305 30
1233 2270 1311 2304 eius
1341 2269 1409 2302 VA

58 2324 126 2349 mn.
150 2315 230 2360 qu
276 2319 318 2349 33
344 2316 518 2350 ratebant
545 2314 613 2348 VP
