1573 2508
179 73 231 114 78
730 69 816 106 XVI
842 75 874 114 2,
904 74 1011 106 1—12

175 166 364 208 nutritus
398 180 447 206 ex
481 165 720 206 academia-e
759 165 915 220 quietis
948 164 1208 206 umbraculis
1244 179 1330 207 non
1361 179 1382 206 e
1414 149 1554 216 mili-l

176 226 259 267 tari
291 223 570 266 tabernaculo
604 223 649 264 in
679 224 898 277 puluerem
930 222 1134 265 Martium
1172 226 1348 277 tractus,
1386 222 1554 279 stratass

177 283 407 325 Germania
438 282 686 336 pacatisque
718 282 897 336 rigentis
922 280 1062 323 Rheni
1094 281 1318 336 meatibus,
1349 286 1526 325 cruenta
1549 295 1554 330 ,ὲ

177 342 433 396 spirantium
472 353 622 394 regum
661 340 730 382 hic
767 341 1020 395 sanguinem
1057 340 1180 395 fudit,
1224 340 1328 382 alibi
1372 355 1555 383 manus·

176 401 337 441 eatenis
370 399 547 440 adflixit.
1543 408 1559 443 ε

294 459 336 500 2.
353 460 387 499 1.
400 459 546 512 Agens
565 459 707 512 itaque
718 459 988 512 negotiosam
1002 458 1187 499 hiemem
1199 458 1309 512 apud
1321 459 1525 512 oppidum

177 523 274 559 ante
294 517 455 558 dictum
476 517 586 557 inter
618 532 823 570 rumoreS,
850 518 921 571 qui
953 517 1197 558 uolitabant
1219 516 1396 570 adsidui,
1428 531 1525 561 con-

176 578 287 631 perit
326 575 630 629 Augustuduni
673 576 863 617 ciuitatis
909 576 1110 630 antiquae
1154 590 1297 617 muros
1342 575 1524 630 spatiosi

176 635 345 690 quidem
379 634 565 675 ambitus
604 634 676 675 sed
709 634 821 676 carie
854 635 1083 676 uetustatis
1123 633 1335 676 inualidos
1374 634 1525 676 barba·

174 708 320 735 rorum
352 694 513 746 impetu
534 693 756 747 repentino
791 693 988 746 insessos,
1019 696 1214 747 torpente
1234 693 1524 747 praesentium
1545 705 1558 729 ι

176 753 363 794 militum
396 766 523 792 manu
545 754 770 793 ueteranos
805 752 1128 793 concursatione
1160 751 1363 805 peruigili
1384 751 1524 793 defen—

175 811 298 864 disse,
330 815 377 851 ut
408 810 519 851 solet
551 810 733 864 abrupta
767 826 891 864 saepe
913 810 1161 851 discrimina
1192 810 1343 851 salutis
1370 810 1525 852 ultima

174 869 415 923 desperatio
432 869 694 923 propulsare.
726 870 764 910 2.
785 869 892 910 nihil
909 870 1052 923 itaque
1067 868 1384 910 remittentibus
1399 870 1524 921 curis,

175 928 372 970 ancillari
410 927 656 968 adulatione
696 928 956 982 posthabita,
995 943 1078 982 qua
1116 942 1211 968 eum
1250 927 1434 981 proximi
1473 928 1523 969 ad

174 987 479 1028 amoenitatem
518 986 745 1027 flectebant
783 991 826 1027 et
864 987 1021 1037 luxum,
1059 987 1165 1027 satis
1198 986 1396 1027 omnibus
1429 999 1554 1028 con-1

173 1046 337 1099 paratis
371 1049 568 1086 octauum
595 1045 797 1086 kalendas
826 1045 958 1086 Iulias
986 1044 1347 1099 Augustudunum
1379 1059 1525 1099 perue-

173 1105 238 1145 nit
280 1104 397 1144 uelut
438 1103 521 1144 dux
564 1104 787 1144 diuturnus
828 1104 990 1144 uiribus
1024 1104 1213 1144 eminens
1247 1107 1289 1144 et
1330 1104 1522 1145 consiliis

172 1177 248 1216 per
268 1162 437 1204 diuersa
469 1162 664 1215 palantes
698 1162 905 1203 barbaros
939 1163 1011 1203 ubi
1038 1162 1223 1203 dedisset
1249 1162 1335 1203 fors
1357 1163 1523 1216 copiam

173 1222 464 1276 adgressurus.
497 1221 535 1261 3.
556 1220 705 1262 habita
725 1222 868 1275 itaque
884 1221 1194 1262 deliberatione
1215 1220 1522 1262 adsistentibus

173 1280 365 1321 locorum
409 1279 577 1333 peritis,
622 1280 834 1333 quodnam
879 1280 961 1320 iter
1005 1280 1236 1333 eligeretur
1280 1282 1327 1320 ut
1369 1281 1522 1334 tutum,

173 1339 309 1380 multa
340 1338 454 1379 ultro
488 1338 680 1392 citroque
713 1339 964 1379 dicebantur
997 1338 1094 1379 aliis
1126 1352 1202 1392 per
1235 1338 1379 1379 Arbor
1394 1370 1521 1380 ......

172 1429 346 1438 ........
381 1396 634 1450 quibusdam
676 1412 750 1450 pel
783 1396 1062 1438 Sedelaucum
1102 1400 1144 1437 et
1176 1397 1330 1438 Coram
1370 1397 1422 1437 iri
1454 1397 1521 1438 de—

171 1456 272 1497 bere
293 1455 575 1496 firmantibus.
625 1456 663 1496 4.
684 1456 757 1496 sed
778 1471 872 1497 cum
894 1456 1165 1496 subsererent
1185 1455 1356 1514 quidam
1384 1454 1520 1497 Silua-

170 1529 272 1556 num
304 1514 432 1568 paulo
467 1517 564 1554 ante
598 1515 852 1568 magistrum
884 1514 1074 1568 peditum
1106 1529 1181 1568 pei
1213 1507 1519 1567 conpendiosas

171 1574 276 1626 uias,
307 1587 454 1614 uerum
488 1576 706 1626 suspectas
728 1573 827 1627 quia
859 1573 1046 1613 tenebris
1074 1573 1220 1614 multis
1255 1572 1520 1627 umbrantur,
1539 1585 1564 1610 2¹

171 1646 265 1673 cum
287 1634 382 1672 octo
406 1631 675 1672 auxiliarium
709 1631 883 1672 milibus
911 1644 1036 1685 aegre
1070 1631 1288 1684 transisse,
1320 1631 1518 1673 fidentius

171 1691 328 1732 Caesar
365 1690 582 1730 audaciam
623 1690 705 1730 uiri
745 1691 871 1731 fortis
911 1690 1072 1731 imitari
1110 1703 1370 1744 magnopere
1414 1690 1519 1731 nite-

169 1750 308 1790 batur.
329 1747 368 1789 5.
381 1752 423 1788 et
437 1763 575 1802 nequa
590 1749 847 1790 interueniat
862 1763 992 1801 lnora,
1007 1749 1210 1790 adhibitis
1227 1748 1518 1802 cataphracta-

168 1808 245 1848 riis
284 1807 388 1848 solis
421 1811 463 1847 et
501 1807 755 1848 ballistariis
794 1822 943 1860 parum
977 1807 1027 1848 ad
1066 1807 1266 1849 tuendum
1307 1811 1516 1849 rectorem

169 1866 333 1907 idoneis
366 1880 566 1919 percurso
601 1866 747 1906 eodem
768 1866 920 1906 itinere.
940 1865 1276 1907 Autosiodorum
1310 1866 1517 1919 peruenit.
1535 1878 1563 1904 3(

170 1925 208 1965 6.
228 1925 301 1965 ubi
333 1924 466 1977 breui,
499 1925 608 1965 sicut
634 1925 814 1977 solebat,
845 1925 933 1965 otio
955 1939 1049 1966 cuni
1072 1925 1208 1966 milite
1229 1928 1442 1966 recreatus
1464 1925 1516 1966 ad

259 2080 277 2107 :3
304 2075 437 2107 artium
473 2074 537 2107 VJ)
629 2079 648 2107 3
675 2074 778 2108 rheni
804 2071 930 2118 I'bqa’
937 2074 1044 2108 hreni
1078 2073 1108 2107 V
1197 2078 1215 2108 7
1243 2070 1411 2118 adsidui]
1419 2073 1456 2107 ui
1487 2073 1517 2107 V

171 2124 210 2152 1⁴³
240 2121 411 2162 torpente
441 2119 473 2150 (ι’
506 2120 670 2152 torrente
712 2118 818 2153 VPIm
915 2123 954 2153 15
979 2118 1149 2152 omnibus
1180 2119 1246 2162 hya
1278 2086 1454 2154 oronibue
1485 2118 1518 2151 V

167 2163 396 2197 orationibus
422 2165 456 2197 1¹
548 2167 591 2196 20
616 2164 737 2197 tutum
764 2164 829 2207 bem
855 2165 936 2197 tota
966 2162 1032 2197 VI’
1115 2167 1155 2197 21
1181 2163 1289 2207 paliis
1319 2162 1386 2197 VP
1456 2173 1511 2197 ar-

167 2208 234 2241 bo1
267 2208 349 2252 [lac.
386 2214 424 2241 10
456 2208 539 2251 lem]
572 2207 638 2241 VJ'
661 2201 873 2243 arborosam
899 2209 965 2251 bqa
1012 2211 1054 2241 22
1078 2207 1275 2242 sedelauco
1301 2208 1339 2243 et
1366 2219 1452 2243 cora
1481 2206 1515 2241 V

168 2252 275 2286 sedes
300 2252 505 2286 Leucorum
535 2252 566 2282 (τ’
644 2256 685 2286 25
709 2253 797 2295 quia
821 2252 986 2287 tenebris
1013 2251 1046 2286 G
1071 2252 1224 2295 quiante
1256 2252 1451 2287 mumibrie
1481 2251 1515 2286 V

182 2309 232 2331 ›ro
256 2297 382 2331 multis
406 2297 490 2339 sort.
515 2308 581 2331 scr.
607 2296 722 2330 saltus
770 2301 811 2331 27
833 2301 914 2341 post
940 2297 1130 2331 nitebatur
1154 2297 1256 2332 1ασ.8
1274 2296 1346 2335 litt
1362 2297 1399 2331 P
1415 2296 1509 2332 nite-

193 2344 276 2376 atur
292 2341 434 2375 ‹·un‹·tis
450 2341 590 2375 uiribus
609 2342 673 2384 byn
723 2342 794 2376 *30
811 2342 1074 2376 Autosidorum
1096 2341 1129 2375 G
1154 2341 1419 2376 autosudorum
1434 2340 1509 2376 ‘VP
