1573 2508
0 0 75 118 Γ
530 87 817 125 PRAEFATIO!
1280 90 1404 125 XXIII

0 230 3 235 ,
65 184 250 238 impetus
271 197 371 225 suos
392 183 600 225 aliorsum
619 182 857 238 tendentes,
889 183 942 225 ad
969 197 1076 238 quae
1097 184 1288 240 decebat,
1319 200 1408 228 mo·

0 263 12 296 ὲ
59 243 173 284 niter
217 244 429 297 oportuno
474 242 712 284 frenarent:
753 242 1029 284 monstrabat
1072 243 1141 298 22,
1188 244 1253 299 11,
1299 244 1322 285 7
1355 259 1410 286 ne

0 301 9 355 ξ
59 301 129 356 22,
169 300 236 355 15,
272 301 301 342 4
338 315 472 343 nonas
511 302 580 355 22,
621 301 687 355 16,
730 301 781 342 19
814 301 1082 344 mathemata
1119 305 1197 345 etc.
1257 301 1320 344 At
1355 317 1411 345 ne

1 379 5 382 ·
60 374 110 402 ea
148 359 320 415 quidem
359 374 466 415 quae
496 359 624 402 hodie
657 374 824 414 quoque
856 361 1061 415 leguntur
1091 361 1137 402 in
1180 361 1223 404 V
1245 361 1291 402 in
1321 364 1410 403 tex-

0 414 3 419 *
59 421 152 461 tum
189 419 369 473 recepit:
408 420 482 473 21,
523 419 595 472 13,
637 419 689 460 13
729 418 995 460 exciderunt:
1033 422 1248 462 tumentes
1287 421 1410 476 spiri-

60 480 130 520 tus
161 480 381 532 tanquam.
443 478 513 532 22,
548 478 613 531 16,
647 482 670 518 2
703 476 888 519 Antinoi
918 475 1112 535 (ephebi)
1145 482 1223 521 etc.

178 565 304 607 Nihil
344 566 517 607 0111111110
555 565 764 607 habemus
805 565 918 620 quod
957 565 1161 608 addamus
1199 567 1270 622 iis,
1303 583 1410 622 quae

60 627 212 667 contra
256 625 488 666 editionem
533 625 963 679 eyssenhardtianam
1008 625 1322 667 disserebamus
1363 627 1412 668 in

58 684 222 726 nuntiis
281 683 477 738 Gotting.
543 684 653 725 1871
716 699 756 738 p.
825 684 1079 725 1301—10
1141 685 1215 726 sed
1270 685 1408 727 multo

61 742 256 785 acerbius
320 745 363 783 et
419 742 632 796 copiosius
682 742 734 784 A.
770 742 994 797 Kiessling
1043 740 1211 797 (Fleck.
1269 744 1410 787 annal.

0 806 2 808 ’
63 802 174 844 1871
219 816 259 856 p.
304 800 422 857 481.)
485 800 624 850 Quam
663 801 894 842 editionem
942 802 1092 856 quanti
1131 802 1410 845 aestimemus
1450 814 1453 815 ’

63 885 118 890 -
155 863 204 901 ut
241 860 469 901 mittamus
514 860 632 901 locos
678 860 885 914 quosdam
930 860 1107 902 editoris
1152 862 1410 904 coniecturis

61 922 236 961 sanatos
276 942 331 948 —
371 933 496 960 omne
535 919 740 960 iudicium
778 922 975 961 nostrum
1012 919 1188 974 pendet,
1228 935 1278 962 ex
1316 920 1412 962 dili-

62 977 222 1032 gentia,
253 992 337 1032 qua
360 977 469 1018 liber
503 991 702 1019 excussus
736 978 793 1019 sit
813 977 1068 1032 Vaticanus3
1102 992 1232 1033 quam
1250 994 1303 1020 ne
1323 994 1412 1021 mo-

62 1036 194 1078 destis
233 1036 406 1090 quidem
444 1036 666 1078 desideriis
700 1036 948 1078 satisfacere
981 1036 1177 1079 asterisci
1218 1036 1290 1090 [²³³]
1324 1038 1410 1081 mei

62 1097 305 1137 monstrant
336 1095 383 1135 in
413 1110 500 1136 una
532 1110 697 1150 quaque
729 1095 817 1137 fere
848 1096 1009 1150 pagina
1038 1096 1233 1150 dispersi,
1265 1112 1411 1151 quam-

62 1168 193 1209 quam
226 1154 422 1195 consulto
456 1169 506 1195 ea
536 1155 691 1196 menda
708 1158 860 1196 notare
880 1154 1007 1196 omisi
1027 1169 1135 1209 quac
1154 1156 1410 1211 typothetae

62 1227 150 1255 non
181 1212 360 1253 editoris
393 1213 520 1267 culpa
551 1212 883 1269 inrepserunt.*)

179 1294 273 1336 Iam
317 1309 418 1336 uero
457 1308 689 1349 pergamus
729 1295 782 1336 ad
830 1295 1124 1350 exponendam
1162 1296 1289 1338 huius
1328 1297 1411 1339 edi-

61 1353 195 1396 tionis
238 1353 452 1395 rationem
497 1356 625 1408 atque
669 1354 909 1395 consilium.
976 1353 1122 1396 Primo
1162 1356 1276 1398 enim
1314 1370 1411 1398 cum

62 1412 250 1454 editione
287 1411 583 1466 Wagneriana
615 1413 779 1454 contuli
810 1413 946 1454 libros
979 1412 1241 1456 Vaticanum
1282 1418 1410 1470 atque

60 1470 286 1513 Petrinum
341 1471 635 1526 editionesque
687 1486 929 1526 romanam,
984 1472 1292 1515 bononiensem
1347 1471 1412 1529 (et

61 1532 233 1585 partem
264 1529 532 1586 basiliensis)
564 1531 867 1585 accursianam,
900 1531 1184 1585 gelem'anam.
1245 1532 1410 1574 Deinde

62 1589 285 1630 dimidiam
334 1589 422 1630 fere
471 1591 643 1643 partem
686 1589 814 1631 huius
860 1590 1061 1632 editionis
1109 1591 1156 1632 in
1194 1590 1410 1646 Capitolio

61 1648 155 1702 ipso
193 1650 423 1702 monteque
468 1647 653 1702 Tarpeio
697 1648 949 1703 conscripsi,
994 1652 1043 1690 ut
1080 1650 1235 1692 cotidie
1274 1651 1409 1692 libros

62 1721 209 1748 omnes
243 1707 358 1748 adire
391 1706 499 1749 mihi
518 1707 679 1749 liceret.
698 1732 754 1737 —
774 1707 965 1750 Reuerso
985 1711 1137 1763 postea
1160 1709 1411 1764 inpatriam

61 1765 114 1807 A.
145 1765 362 1820 Huebner,
407 1766 480 1820 qui
512 1766 599 1807 iam
639 1769 737 1808 ante
769 1766 837 1808 Fr.
880 1767 1179 1822 Eyssenhardt
1224 1768 1411 1810 codicem

60 1822 320 1866 Vaticanum
352 1825 636 1879 descripserat
674 1827 1007 1881 accuratissime,
1048 1842 1133 1882 qua
1164 1828 1275 1869 solet
1307 1827 1413 1868 libe-

60 1883 237 1925 ralitate
288 1883 464 1925 schedas
509 1899 608 1925 suas
659 1885 766 1926 mihi
815 1886 1068 1940 transmisit,
1117 1886 1412 1940 permisitque,

61 1945 110 1984 ut
149 1943 267 1984 domi
297 1957 368 1984 eas
408 1943 639 1985 retinerem
684 1944 784 1985 dum
827 1945 1031 1999 plagulae
1083 1945 1412 1999 corrigerentur.

61 2001 265 2056 Idemque
298 2002 510 2043 concessit
540 2004 809 2057 praepositus
842 2003 1132 2045 bibliothecae
1159 2003 1413 2058 Gottingen-

154 2187 188 2230 '‘2‘)
222 2197 267 2221 ex
297 2186 424 2221 multis
455 2186 610 2222 afferam
640 2198 776 2232 pauca:
810 2192 865 2231 15,
897 2193 931 2232 8,
956 2192 998 2224 15
1021 2189 1203 2224 indicium
1230 2193 1282 2233 17,
1311 2194 1341 2232 6,
1370 2193 1409 2224 11

63 2230 214 2275 inpulsa
241 2235 293 2273 17,
322 2235 373 2273 11,
400 2235 420 2266 9
443 2232 731 2277 indignationen
756 2237 809 2275 21,
837 2238 867 2276 7,
892 2238 913 2268 4
937 2234 1116 2269 tuebator
1132 2238 1188 2277 21,
1212 2238 1244 2277 8,
1269 2238 1290 2269 4
1306 2235 1412 2269 inua-

64 2275 241 2312 derenter
265 2280 320 2318 21,
352 2280 404 2319 12,
438 2281 458 2311 3
489 2277 689 2322 flagitabat
724 2282 778 2321 21,
813 2283 866 2321 15,
897 2283 917 2314 3
948 2279 1264 2324 quadrangesimo
1297 2283 1351 2321 22,
1377 2283 1410 2322 4,

63 2324 83 2355 7
100 2320 203 2356 illins
220 2325 274 2364 23,
300 2325 331 2364 3,
350 2325 370 2356 2
387 2322 618 2366 maligneam
643 2326 696 2365 23,
723 2328 755 2365 5,
781 2327 800 2357 6
827 2323 999 2360 cuisdam
1024 2328 1077 2366 24,
1105 2328 1136 2367 3,
1162 2328 1181 2359 9
1205 2324 1410 2368 inchoates‚

66 2365 241 2401 reductas
266 2370 321 2410 24,
348 2370 380 2410 4,
406 2371 447 2402 13
474 2367 605 2404 Victos
631 2371 685 2410 25,
710 2373 741 2411 3,
767 2371 786 2402 8
811 2368 957 2404 ulneris
983 2379 1014 2404 e.
1041 2381 1075 2413 q.
1099 2381 1125 2404 s.
1153 2380 1179 2408 s,
