1573 2508
100 74 183 119 276
626 71 730 108 XXII
755 75 787 115 8,
813 75 923 108 6-—16

102 170 229 213 canit.
291 169 329 210 6.
363 171 405 209 et
445 171 493 209 ut
535 166 708 208 effectae
748 167 985 222 plenaeque
1017 168 1054 210 Φ
1094 167 1266 210 litterae
1307 165 1448 222 figura

104 231 309 281 seruetur,
354 228 397 268 in
436 225 679 267 meditullio
723 225 817 281 ipso
860 225 1140 268 rotunditatis
1181 225 1447 268 Proconesus

103 287 244 328 insula
276 288 341 326 est
375 285 564 339 oblonga
596 288 639 326 et
670 284 888 325 Besbicus.

223 346 259 386 7.
280 344 386 385 Post
418 343 538 384 cuius
573 343 868 385 summitatem
901 342 945 384 in
965 343 1187 396 angustias
1208 357 1354 384 rursus
1382 357 1449 385 ex-

102 407 327 445 tenuatum
371 402 591 456 Europam
637 405 680 442 et
723 401 975 456 Bithyniam
1019 401 1324 456 intercurrens,
1373 411 1484 456 pera

105 461 376 504 Chalcedona
402 464 444 502 et
473 460 777 514 Chrysopolim
810 463 851 501 et
885 460 1092 502 stationes
1126 460 1283 501 transit
1303 460 1451 502 obscu-

103 535 185 563 ras.
248 520 285 562 8.
323 534 424 561 nam
464 519 692 572 supercilia
730 520 820 560 eius
858 519 1035 560 sinistra
1072 518 1262 573 Athyras
1300 521 1450 572 portus

104 580 325 633 despectat
357 581 400 619 et
433 577 678 631 Selymbria
710 580 752 618 et
785 576 1193 631 ConstantinopoliS,
1226 579 1350 618 uetus
1370 576 1452 631 By-

104 638 306 692 zantium,
345 630 591 678 Atticorum
632 636 817 690 colonia,
857 639 899 677 et
936 636 1284 690 promuntorium
1322 634 1451 677 Ceras

104 697 424 751 praelucentem
454 695 638 735 nauibus
671 694 830 736 uehens
858 697 1147 736 constructam
1180 694 1335 735 celsius
1367 697 1453 736 tur·
1472 704 1506 730 10

105 755 199 808 rim,
233 756 493 808 quapropter
515 751 691 794 Ceratas
725 753 968 807 adpellatur
990 756 1143 794 uentus
1176 752 1272 793 inde
1304 755 1452 794 suetus

107 813 209 855 oriri
242 812 526 867 praegelidus.

224 871 262 912 9.
305 869 400 912 Hoc
450 869 576 910 modo
626 870 811 911 fractum
863 873 905 911 et
948 870 1277 923 participatione
1322 868 1453 910 maris

106 931 330 984 utriusque
363 929 532 969 finitum
560 928 730 982 iamque
751 929 980 969 mitescens
1013 928 1057 968 in
1078 942 1334 982 aequoream
1354 941 1454 981 pan-

107 989 222 1030 ditur
254 988 419 1041 faciem,
452 990 661 1041 quantum
693 990 837 1040 potest
857 987 1004 1028 cadere
1026 986 1104 1027 sub
1126 990 1347 1040 aspectum
1368 985 1454 1028 late
1475 995 1508 1022 16

108 1047 309 1099 diffusum
342 1049 385 1087 et
416 1045 557 1098 longe.
623 1044 687 1085 10.
720 1045 859 1085 omnis
892 1048 1036 1086 autem
1069 1045 1158 1085 eius
1191 1045 1311 1086 uelut
1343 1044 1455 1086 insu-

108 1105 213 1146 laris
235 1105 438 1146 circuitus
470 1103 627 1144 litorea
656 1103 879 1157 nauigatio
900 1103 1060 1157 uiginti
1091 1103 1231 1144 tribus
1264 1103 1457 1145 dimensa

109 1164 285 1204 milibus
319 1162 567 1215 stadiorum,
599 1164 648 1202 ut
679 1161 990 1203 Eratosthenes
1024 1161 1223 1203 adfirmat
1255 1164 1297 1203 et
1322 1160 1457 1203 Heca-

111 1227 231 1263 taeus
266 1225 308 1262 et
339 1220 616 1262 Ptolomaeus
657 1220 817 1274 aliique
855 1220 982 1261 huius
1015 1220 1129 1261 modi
1163 1220 1457 1274 cognitionum

110 1280 391 1322 minutissimi
426 1279 662 1332 scitatores‚
694 1279 739 1320 ‘in
760 1279 944 1332 speciem
965 1277 1154 1332 Scythici
1176 1293 1298 1321 arcus
1324 1292 1456 1320 neruo
1476 1287 1511 1314 ²0

110 1338 401 1393 coagmentati
441 1337 732 1391 geographiae
771 1338 905 1379 totius
944 1337 1196 1378 adsensione
1234 1337 1457 1379 formatur.

113 1398 178 1439 11.
212 1401 254 1438 et
286 1411 370 1451 qua
407 1396 471 1437 sol
504 1410 662 1437 oceano
702 1396 873 1449 exurgit
912 1410 1001 1451 eoo,
1039 1396 1268 1450 paludibus
1302 1395 1458 1437 claudi-

110 1458 182 1497 tur
201 1455 458 1497 Maeotidos:
486 1469 568 1508 qua
590 1454 777 1496 declinat
796 1455 840 1495 111
860 1469 1099 1509 uesperum,
1130 1453 1337 1495 Romanis
1364 1468 1458 1508 pro-

111 1514 265 1555 uinciis
303 1513 581 1555 terminatur:
620 1513 730 1554 unde
769 1513 948 1567 suspicit
986 1513 1102 1554 sidus
1135 1516 1347 1566 arctoum,
1386 1512 1459 1554 ho-

112 1573 249 1614 mines
295 1572 374 1613 alit
416 1572 578 1625 linguis
624 1575 666 1612 et
710 1572 901 1613 moribus
946 1572 1156 1625 dispares:
1207 1572 1321 1613 latus
1367 1571 1456 1612 eius
1478 1580 1512 1606 8⁵

114 1631 355 1672 austrinum
387 1629 510 1671 molli
544 1629 784 1671 deuexitate
818 1630 1087 1671 subductum.
1151 1630 1216 1671 12.
1248 1644 1322 1684 per
1355 1630 1459 1672 haec

113 1689 384 1743 amplissima
428 1688 569 1742 spatia
607 1688 762 1742 oppida
805 1693 904 1730 sunt
948 1689 1141 1743 dispersa
1184 1688 1459 1742 Graecorum,

115 1761 222 1801 quae
255 1751 408 1789 cuncta
439 1746 654 1788 aetatibus
687 1747 819 1788 uariis
852 1750 1022 1801 praeter
1059 1762 1194 1801 pauca
1225 1746 1459 1789 Athenien-

115 1806 226 1847 sium
260 1806 400 1847 coloni
423 1805 645 1846 condidere
666 1804 838 1859 Milesii,
871 1806 982 1847 inter
1003 1805 1127 1847 Ionas
1149 1806 1256 1847 alios
1289 1806 1334 1847 in
1355 1804 1460 1847 Asia

114 1878 189 1917 per
209 1864 384 1905 Nileum
417 1863 554 1905 multo
589 1866 685 1905 ante
718 1864 860 1918 locati,
893 1863 1021 1906 Codri
1053 1864 1171 1905 illius
1203 1864 1353 1918 filium,
1385 1863 1459 1918 qui
1479 1873 1513 1900 ⁸0

116 1936 159 1962 se
190 1938 267 1976 pro
306 1922 450 1977 patria
487 1922 602 1963 bello
635 1922 772 1964 fertur
804 1923 961 1965 Dorico
995 1923 1230 1965 deuouisse.
1296 1923 1360 1964 13.
1393 1936 1460 1964 ex-

115 1982 356 2023 tremitates
378 1983 522 2024 autem
543 1995 664 2023 arcus
686 1982 902 2036 utrimque
935 1984 1083 2023 tenues
1104 1981 1186 2024 duo
1214 1982 1459 2036 exprimunt

206 2130 226 2159 3
251 2124 428 2159 Besbicus
456 2124 489 2158 G
514 2124 734 2159 besbumcus
766 2124 831 2160 VP
862 2124 1073 2159 Belbinicus
1103 2125 1148 2159 ba
1242 2128 1280 2159 11
1308 2123 1458 2159 Ceratas

119 2167 286 2204 Valesius
311 2168 426 2202 elatas
458 2168 523 2202 VP
547 2168 685 2203 Pharos
710 2169 775 2214 bya
869 2170 1001 2204 uentus
1032 2168 1196 2204 Valesius
1221 2169 1328 2203 uetus
1352 2168 1456 2204 codd.

116 2213 243 2247 suetus
273 2213 360 2248 oriri
401 2212 565 2263 Valesius
602 2214 728 2248 suctus
758 2214 852 2264 oripi
894 2213 960 2249 VP
997 2213 1078 2249 fons
1114 2213 1363 2293 Eurigus(-pis
1399 2213 1457 2256 ba)

116 2256 186 2302 bqa
231 2261 275 2292 20
299 2258 534 2292 munitissimi
565 2257 630 2292 VA
655 2258 886 2293 scientissimi
911 2259 954 2303 by
1010 2259 1047 2293 in
1077 2258 1163 2294 add.
1284 2261 1324 2292 21
1351 2267 1418 2293 coa
1447 2277 1457 2282 -

117 2301 275 2337 mentoti
305 2301 338 2335 V
384 2302 550 2336 firmatur
580 2302 646 2336 VA
693 2307 736 2338 23
750 2302 913 2338 declinat
937 2303 974 2336 in
1003 2303 1035 2339 G
1061 2301 1297 2346 declinati(-t1]
1315 2301 1363 2346 V)

118 2349 161 2382 30
186 2346 298 2381 locati
325 2346 356 2381 G
382 2346 501 2381 locate
533 2346 564 2380 Γ
587 2346 729 2382 locatae
755 2348 834 2382 Pha
