1573 2508
105 126 186 170 134
638 123 740 160 xvu
766 128 818 168 12,
846 127 956 160 1—10

100 220 301 263 buleutas
332 233 410 260 nec
442 218 722 260 memorabile
755 219 987 274 quicquam
1027 218 1180 261 habuit
1212 218 1325 273 quod
1353 233 1450 262 nar·

100 279 188 320 rari
221 278 278 319 sit
310 278 499 332 dignum.

224 335 293 377 12.
320 337 354 377 1.
385 335 586 390 Augusto
618 335 731 377 inter
750 335 855 377 haec
888 335 1124 390 quiescenti
1154 350 1230 390 per
1260 335 1448 379 hiemem

102 395 214 449 apud
247 394 453 436 Sirmium
484 394 732 437 indicabant
762 393 904 436 nuntii
937 407 1090 448 graues
1123 397 1167 436 et
1187 394 1325 437 crebri
1355 409 1448 450 per-

100 454 260 495 mixtos
294 451 516 494 Sarmatas
549 455 593 495 ct
624 452 795 502 Quados
827 452 1051 494 uicinitate
1084 456 1127 494 et
1164 453 1447 496 similitudine
1466 470 1483 498 5

99 526 270 553 morum
302 514 628 566 armaturaeque
661 511 887 553 concordes
908 511 1152 553 Pannonias
1171 510 1450 554 Moesiarum·

101 585 183 625 que
215 570 397 612 alteram
429 570 572 611 cuneis
605 569 823 611 incursare
855 569 1071 623 dispersis.
1133 571 1172 611 2.
1207 570 1362 624 quibus
1395 570 1450 612 ad

100 628 329 670 latrocinia
360 628 499 682 magis
533 643 662 682 quam
694 630 843 682 aperto
875 628 1095 670 habilibus
1127 627 1261 670 Marti
1298 628 1449 671 hastae

100 691 202 730 sunt
240 687 458 741 longiores
498 690 539 728 et
577 686 736 728 loricae
775 701 824 728 ex
857 687 1056 728 cornibus
1095 688 1204 729 rasis
1238 689 1281 729 et
1318 687 1450 729 laeui-
1540 731 1542 734 ,

100 745 234 800 gatis,
277 746 523 799 plumarum
569 745 708 798 specie
753 745 899 787 linteis
943 745 1204 787 indumentis
1248 745 1447 788 innexae:
1468 763 1502 789 10
1541 758 1545 765 '

101 818 392 858 equorumque
430 803 607 858 plurimi
647 818 696 844 ex
735 818 816 845 usu
847 804 1046 857 castrati,
1083 818 1135 846 ne
1169 807 1244 845 aut
1274 804 1449 846 femina-
1547 811 1549 814 “

98 877 196 904 rum
229 862 325 904 uisu
359 862 568 915 exagitati
601 865 825 916 raptentur
846 865 921 903 aut
952 862 998 904 in
1017 862 1220 904 subsidiis
1247 862 1450 905 ferocien-

99 923 166 963 tes
198 920 383 975 prodant
414 920 586 962 hinnitu
619 920 813 961 densiore
834 923 1041 962 uectores.
1074 922 1112 962 3.
1140 924 1182 963 et
1212 935 1289 975 per
1308 921 1451 976 spatia

100 979 346 1021 discurrunt
382 979 652 1033 amplissima
692 982 917 1033 sequentes
957 979 1065 1020 alios
1097 979 1166 1021 1101
1205 979 1288 1033 ipsi
1327 983 1451 1035 terga

99 1040 337 1092 uertentes,
368 1037 591 1078 insidendo
623 1037 844 1078 uelocibus
878 1037 997 1092 equis
1031 1040 1074 1079 et
1104 1038 1332 1092 morigeris
1365 1041 1450 1080 tra·
1469 1055 1502 1082 15

99 1096 336 1150 hcntesque
369 1096 576 1149 singulos,
608 1095 824 1137 interdum
848 1098 890 1137 et
922 1096 1060 1149 binos,
1091 1097 1154 1138 uti
1187 1096 1448 1150 permutatio

100 1155 214 1196 uires
246 1154 394 1196 foueat
425 1155 716 1195 iumentorum
754 1154 964 1208 uigorque
997 1155 1086 1196 otio
1119 1155 1360 1209 integretur
1392 1155 1450 1197 al-

101 1216 235 1255 torno.

221 1272 261 1313 4.
310 1271 598 1326 Aequinoctio
642 1271 787 1326 itaque
832 1271 1039 1324 temporis
1084 1271 1206 1312 uerni
1256 1271 1449 1314 confecto

99 1331 336 1384 imperator
369 1332 516 1371 coacta
548 1329 738 1370 militum
758 1329 903 1371 ualida
930 1344 1071 1383 manu,
1104 1329 1234 1371 ductu
1254 1329 1450 1372 laetioris
1469 1348 1504 1375 so

100 1389 298 1430 fortunae
348 1388 565 1442 profectus
613 1403 709 1429 011111
753 1388 806 1428 ad
855 1388 997 1428 locum
1042 1387 1316 1442 aptissimum
1359 1403 1451 1442 per-

101 1448 300 1500 uenisset,
333 1447 491 1487 flumen
522 1445 723 1487 Histrum
756 1446 1054 1499 exundantem,
1086 1446 1337 1500 pruinarum
1363 1446 1451 1488 iam

99 1506 293 1548 resoluta
324 1505 540 1559 congerie,
580 1519 706 1558 super
737 1505 913 1546 nauium
946 1506 1060 1545 foros
1092 1507 1223 1558 ponte
1249 1507 1450 1546 contexto

99 1567 397 1618 transgressus
440 1563 696 1616 populandis
739 1563 1024 1604 barbarorum
1067 1563 1263 1604 incubuit
1312 1563 1451 1604 terris.

102 1623 175 1677 qui
212 1623 366 1663 itinere
403 1622 609 1663 festinato
647 1621 869 1674 praeuenti
909 1624 1188 1675 cateruasque
1226 1621 1451 1663 bellatoris
1470 1641 1504 1668 85

102 1681 314 1722 exercitus
352 1680 513 1733 iugulis
547 1680 635 1720 suis
674 1680 881 1721 inminere
915 1682 1153 1733 cernentes,
1192 1694 1319 1734 quem
1350 1694 1452 1721 11011-

102 1738 203 1781 dum
235 1754 310 1794 per
343 1739 443 1780 anui
474 1741 644 1791 tempus
677 1738 826 1792 colligi
857 1753 982 1791 posse
1012 1739 1228 1791 rebantur,
1259 1752 1337 1779 nec
1369 1739 1452 1792 spi-

100 1812 197 1839 rare
230 1798 323 1839 ausi
354 1811 431 1838 1100
463 1799 595 1850 stare,
635 1796 707 1837 sed
744 1796 933 1837 uitantes
973 1797 1152 1838 exitium
1185 1797 1452 1851 insperatum

103 1859 240 1898 semet
272 1870 419 1897 omnes
452 1855 691 1896 effuderunt
723 1855 768 1896 in
800 1855 960 1909 fugam.
1023 1855 1060 1896 5.
1093 1855 1329 1909 stratisque
1361 1854 1453 1909 plu·
1559 1894 1562 1903 ,

102 1915 238 1967 rimis,
271 1929 453 1969 quorum
474 1927 646 1968 gressus
668 1913 864 1954 uinxerat
895 1914 1040 1967 timor,
1072 1913 1130 1966 hi,
1163 1928 1269 1968 quos
1294 1913 1453 1956 exemit
1471 1933 1506 1959 ³0
1560 1963 1562 1968 ,

104 1973 302 2014 celeritas
347 1973 496 2025 morti,
541 1972 652 2013 inter
697 1972 936 2013 latebrosas
981 1971 1200 2013 conualles
1240 1972 1452 2013 montium

103 2031 310 2072 occultati
354 2031 559 2072 uidebant
603 2031 790 2084 patriam
840 2031 955 2072 ferro
1005 2033 1272 2084 pereuntem,
1323 2044 1452 2085 quam

103 2089 395 2131 uindicassent
416 2090 620 2142 profecto,
653 2089 688 2130 si
709 2089 871 2143 uigore,
903 2103 986 2143 quo
1008 2089 1301 2142 discesserant,
1329 2088 1453 2130 resti-

103 2147 271 2189 tissent.
335 2148 371 2188 6.
416 2148 675 2201 gerebantur
718 2147 823 2188 haec
867 2148 912 2188 in
956 2162 1005 2188 ea
1041 2151 1162 2201 parte
1202 2146 1453 2200 Sarmatiae,

196 2318 214 2349 7
240 2314 484 2348 atalarocinia
518 2314 562 2347 1⁷¹
594 2314 641 2348 ad
673 2313 869 2348 latrocinia
902 2313 985 2348 V³P
1084 2317 1124 2348 12
1153 2313 1351 2357 raptentur
1383 2313 1455 2348 GP

106 2360 303 2403 reptentur
331 2358 364 2394 V
385 2360 582 2403 captentur
607 2359 650 2392 ba
748 2363 786 2392 14
817 2358 898 2393 aliis
927 2357 995 2392 VP
1087 2362 1130 2393 30
1158 2357 1196 2391 hi
1229 2357 1265 2391 A
1294 2357 1350 2392 his
1386 2357 1454 2392 VP

106 2403 131 2438 ii
157 2403 199 2449 by
