1614 2549
627 65 860 101 IVLIANVS
884 69 950 102 362
1381 67 1466 109 293

115 162 268 203 tidicas
291 159 473 203 Castalii
504 161 723 203 recludere
744 161 940 216 cogitans
972 160 1119 216 fontis,
1151 174 1278 216 quem
1297 160 1465 202 obstru-

114 221 228 262 xisse
250 219 408 262 Caesar
440 220 596 262 dicitur
626 219 872 262 Hadrianus
904 220 1019 261 mole
1052 234 1254 261 saxorum
1283 219 1465 274 ingenti,

114 279 276 321 ueritus
308 294 374 333 ne,
406 283 454 321 ut
485 279 577 334 ipse
608 279 958 333 praecinentibus
998 279 1120 333 aquis
1160 277 1466 333 capessendam

113 353 204 380 rem
240 338 460 392 publicam
492 339 698 393 conperit,
730 339 862 380 etiam
894 338 971 379 alii
1003 338 1163 379 similia
1195 338 1467 379 docerentur:

79 408 94 434 ⁵
115 411 163 439 ac
196 398 347 439 statim
380 397 718 439 circumhumata
749 411 929 451 corpora
962 397 1116 438 statuit
1147 396 1297 438 exinde
1329 398 1467 438 trans-

113 456 219 498 ferri
251 471 300 498 eo
332 457 440 511 ritu,
486 470 568 510 quo
610 455 900 497 Athenienses
944 456 1131 498 insulam
1172 457 1468 509 purgauerant

114 515 267 557 Delon.

238 572 307 616 13.
327 575 361 615 1.
376 573 542 615 Eodem
562 576 754 628 tempore
769 574 882 615 diem
895 573 1168 615 undecimum
1186 572 1469 614 kalendarum

113 633 431 674 Nouembrium
463 633 778 686 amplissimum
807 632 1036 687 Daphnaei
1056 631 1276 686 Apollinis
1308 631 1469 685 fanum,

62 703 95 728 10
116 691 229 746 quod
266 691 518 746 Epiphanes
556 690 800 734 Antiochus
838 706 912 733 rex
950 692 1024 732 ille
1070 691 1261 732 condidit
1304 691 1469 732 iracun-

114 751 192 792 dus
226 753 269 792 et
301 766 466 806 saeuus,
505 754 547 792 et
580 751 858 792 simulacrum
894 751 940 792 in
978 765 1027 792 eo
1061 749 1307 805 Olympiaci
1352 749 1469 790 Iouis

114 810 376 852 imitamenti
408 810 690 864 aequiperans
711 810 1066 865 magnitudinem,
1099 809 1243 851 subita
1274 808 1319 850 111
1350 808 1469 849 flam-

114 884 281 910 marum
314 872 512 910 exustum
545 873 622 911 est.
684 870 722 910 2.
755 884 838 924 quo
870 871 961 910 tam
993 868 1130 909 atroci
1162 882 1263 909 casu
1293 869 1469 921 repente

116 931 368 982 consumpto
409 927 462 969 ad
495 928 538 968 id
575 942 709 982 usque
741 928 1049 982 imperatorem
1080 927 1146 967 ira
1178 925 1390 980 prouexit,
1420 928 1469 967 ut

62 996 94 1022 1⁵
116 987 389 1041 quaestiones
424 987 582 1040 agitari
614 987 781 1028 iuberet
814 986 943 1028 solito
977 986 1165 1028 acriores
1187 988 1229 1026 et
1261 984 1470 1026 maiorem

115 1046 341 1087 ecclesiam
384 1045 643 1087 Antiochiae
689 1046 840 1087 claudi.
916 1044 1217 1099 suspicabatur
1263 1043 1377 1084 enim
1425 1043 1507 1097 id.v

115 1104 374 1146 christianos
408 1105 547 1159 egisse
581 1105 828 1146 stimulatos
861 1104 1036 1158 inuidia,
1070 1103 1182 1158 quod
1220 1102 1333 1144 idem
1364 1102 1505 1184 tem-12³

115 1163 236 1217 plum
267 1163 397 1205 inuiti
429 1163 636 1205 uidebant
668 1163 899 1205 ambitioso
934 1162 1189 1204 circumdari
1227 1154 1498 1216 peristylio.¹

115 1222 152 1263 3.
173 1222 394 1264 ferebatur
415 1225 558 1263 autem
589 1223 693 1265 licet
712 1237 883 1264 rumore
915 1221 1136 1263 leuissimo
1169 1221 1251 1262 hac
1271 1235 1321 1262 ex
1342 1234 1471 1262 causa

61 1291 95 1316 20
116 1282 406 1348 conflagrasse
441 1281 679 1336 delubiwum
712 1282 827 1336 quod
857 1280 1138 1347 Asclepiades
1170 1279 1471 1334 philosophus,

116 1340 235 1383 cuius
280 1341 326 1381 in
371 1340 538 1382 actibus
577 1340 802 1395 Magnenti
841 1340 1128 1392 meminimus,
1170 1353 1266 1380 cum
1303 1337 1471 1379 uisendi

116 1399 261 1455 gratia
279 1399 439 1440 Iuliani
469 1413 650 1454 peregre
672 1400 724 1441 ad
756 1399 798 1440 id
820 1399 1112 1441 suburbanum
1132 1398 1336 1451 uenisset,
1368 1397 1471 1438 deae

116 1458 314 1500 caelestis
336 1461 589 1513 argenteum
620 1459 752 1500 breue
784 1458 1053 1513 figmentum,
1086 1470 1352 1512 quocumque
1379 1456 1472 1497 ibat

117 1532 261 1560 secum
294 1517 449 1559 solitus
483 1518 644 1570 effeire,
677 1520 775 1559 ante
808 1517 936 1572 pedes
970 1517 1125 1559 statuit
1158 1515 1380 1557 simulacri
1405 1529 1470 1556 su-

62 1585 95 1611 25
115 1577 285 1630 humes,
318 1577 592 1631 accensisque
626 1577 759 1618 cereis
793 1591 843 1618 ex
880 1592 961 1618 usu
992 1576 1135 1630 cessit,
1173 1574 1283 1616 unde
1315 1573 1472 1615 medie-

115 1639 206 1677 tate
244 1635 383 1677 noctis
417 1650 590 1677 emensa
628 1649 724 1677 cum
761 1650 839 1676 nec
873 1635 1021 1676 adesse
1062 1634 1290 1689 quisquam
1327 1632 1472 1686 potuit

114 1709 193 1736 nec
224 1695 385 1747 iuuare,
418 1694 652 1736 uolitantes
687 1694 901 1736 scintillae
935 1693 1166 1736 adhaesere
1186 1692 1382 1734 materiis
1401 1706 1472 1732 ue-

114 1753 390 1806 tustissimis,
434 1753 643 1808 ignesque
682 1753 813 1794 aridis
852 1752 1131 1794 nutrimentis
1171 1751 1304 1793 erecti
1345 1765 1469 1792 omne

118 1812 321 1866 quicquid
347 1812 543 1867 contingi
574 1812 731 1866 potuit,
762 1812 865 1853 licet
885 1813 1020 1853 ardua
1039 1811 1276 1852 discretum
1302 1809 1472 1851 celsitu-

62 1879 96 1905 30
116 1871 213 1912 dine
246 1874 587 1913 concremarunt.
649 1872 689 1912 4.
722 1885 770 1912 eo
800 1885 910 1912 anno
951 1870 1089 1912 sidere
1122 1869 1254 1910 etiam
1285 1870 1380 1909 tum
1410 1867 1472 1909 in—

118 1932 259 1972 stante
293 1930 481 1971 brumali
513 1945 721 1984 aquarum
758 1930 935 1971 incessit
967 1928 1113 1983 inopia
1144 1926 1386 1982 metuenda,
1422 1929 1472 1968 ut

210 2085 226 2114 1
253 2080 397 2115 castalii
425 2079 533 2114 GAP
558 2079 721 2113 castralii
750 2079 782 2113 V
805 2079 950 2114 castelli
973 2079 1014 2114 rb
1106 2081 1126 2111 2
1150 2078 1248 2112 mole
1272 2077 1291 2112 b
1316 2088 1340 2111 α
1364 2077 1473 2112 molis

122 2124 190 2160 VP
239 2131 258 2161 5
285 2136 326 2160 ac
352 2124 480 2159 statim
508 2124 542 2158 G
567 2123 714 2159 adfatus
744 2124 858 2159 VPba
905 2128 926 2159 8
951 2124 1049 2158 diem
1068 2123 1258 2168 Kiessliny
1323 2133 1342 2157 e
1368 2122 1474 2157 codd

117 2174 159 2204 12
184 2170 411 2205 imitamenti
436 2170 503 2215 hya
528 2169 782 2204 semitamenti
810 2169 878 2204 VP
971 2173 1013 2203 14
1036 2168 1076 2202 id
1100 2168 1267 2213 adusque
1291 2170 1472 2211 transpos.

117 2216 161 2260 by
254 2215 325 2250 *15
349 2214 478 2250 iubere
509 2214 577 2249 VP
678 2218 719 2249 18
751 2213 973 2248 circumdari
1011 2212 1096 2256 dari
1131 2213 1166 2247 V
1209 2212 1407 2258 supercilio
1432 2212 1474 2246 rb

117 2264 160 2295 22
184 2270 343 2311 peregre
368 2269 436 2295 om
462 2259 535 2294 Pb
520 2270 568 2304 ja
661 2259 753 2293 deae
779 2269 848 2296 om.
873 2259 892 2294 b
985 2262 1028 2293 24
1047 2250 1191 2293 afferre
1217 2259 1261 2303 by
1352 2261 1395 2292 25
1427 2267 1473 2291 ex

117 2317 185 2339 usu
211 2305 321 2340 cessit
349 2305 383 2339 G
408 2315 453 2339 ex
477 2304 681 2339 usuccessit
709 2303 777 2339 VP
869 2307 912 2340 28
938 2303 1051 2339 aridis
1076 2313 1142 2339 om.
1175 2304 1195 2338 b
1288 2306 1330 2337 29
1356 2301 1473 2336 ardua

120 2350 154 2384 G·
177 2360 244 2385 om.
275 2349 390 2386 VPba
