1573 2508
107 170 213 212 bant
245 173 460 224 proximos
493 168 624 210 Tauri
656 170 814 210 montis
846 182 1054 210 excessus.
1119 168 1184 210 10.
1203 170 1315 210 inter
1345 182 1451 223 quos

107 228 191 270 dux
210 232 300 282 ipse
320 230 490 282 agnitus
521 230 894 281 pugnatorumque
914 227 1027 268 mole
1047 227 1332 269 circumdatus
1357 241 1454 269 cum

107 286 336 329 Aiadalthe
366 286 539 327 tribuno
560 286 792 341 caloneque
823 300 908 327 uno
929 289 1024 340 equi
1044 285 1261 327 celeritate
1282 288 1452 340 ereptus

108 346 324 387 abscessit.

110 77 190 119 166
580 74 702 110 XVIII
730 78 763 118 s,
791 78 934 117 ιι-ιο,
961 78 977 109 1

228 405 294 445 11.
337 403 442 445 Mihi
492 403 591 444 dum
636 407 754 445 auius
805 403 858 444 ab
902 405 1051 444 itinere
1101 405 1304 444 comitum
1353 403 1452 458 quid
1471 417 1488 443 5

106 476 278 517 agerem
298 466 600 516 circumspicio,
632 461 926 503 Verennianus
953 461 1208 503 domesticus
1233 464 1454 516 protector

106 521 293 563 occurrit
329 522 468 562 femur
511 521 674 575 sagitta
717 521 919 573 confixus,
964 535 1091 574 quam
1130 520 1229 562 dum
1267 520 1453 562 auellere

107 580 353 622 obtestante
385 580 555 634 collega
587 594 775 633 conarer,
807 579 969 621 cinctus
1002 579 1187 633 midique
1209 579 1455 621 anteceden-

105 638 221 680 tibus
253 638 410 693 Persis,
441 639 662 680 ciuitatem
693 638 892 691 petebam
925 637 1080 679 anhelo
1113 652 1238 679 cursu
1268 637 1453 692 rependo

105 711 155 738 ex
176 711 226 739 eo
258 697 393 739 latere
415 711 497 752 quo
530 697 846 738 incessebamur
877 697 922 738 in
948 697 1079 738 arduo
1113 697 1254 750 sitam,
1285 710 1453 751 unoque
1476 712 1508 736 ιο

106 770 287 797 ascensu
324 758 586 810 perangusto
631 755 870 807 meabilem,
914 769 1039 809 quem
1083 755 1227 797 scissis
1271 755 1453 796 collibus

104 814 291 856 molinae
325 815 377 856 ad
397 815 527 856 calles
560 814 760 855 artandas
780 813 1028 855 aedificatae
1049 813 1218 855 densius
1245 814 1454 855 constrin-

105 873 278 927 gebant.
344 873 498 914 121110
530 872 654 914 mixti
687 887 781 913 cum
808 872 952 914 Persis
984 872 1133 914 eodem
1164 872 1253 914 ictu
1283 886 1455 926 procur-

104 932 298 973 rentibus
331 932 384 973 ad
417 933 637 986 superiora
674 931 916 985 nobiscum,
955 931 1008 973 ad
1044 946 1178 985 usque
1215 934 1358 973 ortum
1396 931 1455 972 al-

105 991 238 1032 terius
260 990 364 1032 solis
385 990 628 1032 immobiles
650 990 848 1031 stetimus
870 990 932 1031 ita
952 990 1144 1043 conferti,
1166 993 1213 1031 ut
1233 1003 1454 1031 caesorum
1474 1003 1508 1029 15

105 1049 314 1090 cadauera
360 1049 638 1091 multitudine
687 1048 799 1090 fulta
843 1048 1029 1102 reperire
1074 1048 1221 1089 ruendi
1267 1049 1455 1102 spatium

103 1122 315 1162 nusquam
345 1111 534 1162 possent,
565 1110 697 1161 utque
728 1107 852 1148 miles
885 1110 985 1148 ante
1018 1122 1084 1148 me
1117 1107 1289 1161 quidam
1310 1107 1455 1148 discri-

104 1166 270 1208 minato
292 1167 444 1221 capite,
476 1167 589 1221 quod
620 1166 665 1207 111
687 1180 843 1220 aequas
875 1168 1022 1219 partes
1055 1166 1164 1207 ictus
1192 1165 1326 1219 gladii
1358 1165 1456 1206 fide·

103 1227 173 1266 rat
203 1225 510 1280 ualidissimus,
542 1225 588 1266 111
619 1225 782 1279 stipitis
815 1225 985 1266 modum
1018 1224 1204 1279 undique
1237 1226 1454 1266 coartatus

104 1283 315 1326 haereret.
362 1285 428 1326 13.
449 1287 491 1326 et
525 1283 626 1325 licet
645 1283 905 1337 multiplicia
924 1283 1013 1324 tela
1043 1298 1119 1337 per
1140 1285 1455 1326 tormentorum
1475 1300 1509 1324 ευ

105 1343 251 1384 omnia
293 1356 451 1397 genera
494 1343 691 1384 uolarent
729 1357 751 1383 e
794 1342 1144 1396 propugnaculiS,
1187 1341 1268 1383 1100
1311 1344 1457 1383 tamen

103 1401 296 1455 periculo
328 1416 549 1443 murorum
579 1416 656 1442 nos
690 1401 988 1455 propinquitas
1011 1400 1238 1455 eximebat,
1269 1400 1456 1442 tandem-

105 1475 185 1514 que
218 1475 294 1514 per
324 1460 534 1514 posticam
566 1460 786 1513 ingressus
819 1460 1019 1501 refertam
1053 1460 1196 1502 inueni
1218 1459 1455 1500 confluente.

106 1534 156 1560 ex
189 1519 386 1560 finitimis
418 1519 536 1560 uirili
568 1521 611 1560 et
642 1518 843 1560 muliebri
876 1533 989 1560 sexu.
1039 1533 1139 1560 nam
1172 1520 1215 1559 et
1246 1533 1345 1559 casu
1366 1517 1454 1559 illis

105 1578 210 1631 ipsis
250 1577 398 1619 diebus
436 1578 482 1619 111
520 1577 776 1619 suburbanis
814 1577 1043 1630 peregrina
1082 1577 1335 1618 commercia
1378 1577 1456 1618 cir·
1475 1591 1508 1617 25

108 1640 302 1678 cumacto
334 1651 444 1677 anuo
478 1636 609 1678 solita
645 1636 861 1676 celebrare
899 1636 1131 1677 multitudo
1171 1649 1456 1676 conuenarum

106 1695 293 1749 augebat
331 1695 579 1749 agrestium.
644 1695 709 1736 14.
748 1695 913 1735 interea
956 1695 1101 1736 sonitu
1144 1694 1264 1735 uario
1305 1698 1457 1735 cmicta

105 1753 340 1794 miscentur
371 1754 532 1807 partim
566 1753 745 1794 amissos
775 1754 1058 1806 gementibus,
1090 1753 1186 1794 aliis
1208 1767 1302 1794 cum
1324 1752 1455 1794 exitio

107 1812 279 1865 sauciis,
311 1812 460 1854 multis
493 1813 694 1854 caritates
728 1812 928 1864 diuersas,
966 1827 1070 1866 quas
1109 1826 1211 1866 prae
1244 1811 1455 1865 angustiis

107 1871 252 1912 uidere
284 1885 369 1912 non
402 1874 616 1925 poterant,
650 1871 961 1911 inuocantibus.
1476 1886 1510 1911 30
1555 1913 1557 1915 ,

225 1930 270 1971 9.
308 1931 342 1970 1.
375 1930 499 1971 Hanc
531 1930 752 1971 ciuitatem
785 1929 888 1970 olim
920 1944 1125 1983 perquam
1158 1929 1331 1970 breuem
1357 1927 1457 1969 Cae-

107 2002 177 2029 sar
197 1989 328 2029 etiam
348 1992 442 2030 tum
463 1988 753 2042 Constantius,
785 1991 832 2029 ut
853 1988 1021 2029 accolae
1041 1987 1271 2041 suffugium
1291 1987 1458 2041 possint

109 2045 266 2087 habere
299 2047 577 2101 tutissimum,
610 2062 658 2088 eo
685 2050 876 2100 tempore
903 2061 985 2101 quo
1006 2045 1367 2100 Antoninupolim
1386 2059 1457 2099 op-
1496 2082 1501 2086 .

109 2104 257 2158 pidum
302 2106 418 2146 uliud
463 2106 633 2160 struxit,
677 2105 867 2147 turribus
906 2105 1183 2146 circumdedit
1221 2104 1376 2158 amplis
1415 2107 1458 2145 et

206 2271 226 2301 3
250 2267 453 2302 Aiadaltha
480 2267 512 2301 G
539 2266 750 2301 aiadalthae
782 2266 846 2302 ΓΙ)
917 2270 955 2301 11
982 2265 1137 2300 callibus
1160 2265 1271 2310 1?qu
1316 2266 1386 2300 *14
1410 2264 1458 2299 ad

109 2311 176 2356 bya
203 2321 225 2345 a
254 2311 321 2346 ΓΡ
413 2316 455 2346 24
481 2322 569 2346 sexu
602 2312 666 2355 byn
699 2323 804 2346 secus
835 2311 866 2344 Γ
957 2315 999 2345 26
1033 2310 1222 2346 celebrare
1257 2309 1327 2344 GA
1363 2308 1457 2345 cele—

112 2355 212 2390 brari
242 2356 308 2391 VP
399 2360 442 2390 32
467 2357 545 2390 tum
574 2356 643 2390 GA
669 2356 757 2390 dum
787 2355 875 2390 vVPb
