1614 2549
390 91 727 127 CONSTANTIVS
751 92 813 127 ET
837 93 1070 129 IVLIANVS
1095 98 1162 130 359
1369 97 1450 139 165

101 186 377 241 praeualente
419 188 535 228 metu
583 187 850 229 indubitatae
894 189 1046 230 mortis
1091 192 1262 231 cautum
1306 191 1450 232 existi-

102 247 282 287 mantes.
330 244 369 286 5.
389 244 569 300 denique
591 260 642 287 ex
661 246 817 288 ultima
845 248 1101 289 necessitate
1132 249 1330 290 manibus
1361 249 1449 290 iam

101 303 385 357 conserendis,
418 318 514 345 cum
546 305 648 359 quid
681 305 753 359 agi
785 309 983 360 oporteat
1003 310 1310 362 cunctaremur,
1342 309 1449 349 occi-

101 364 258 404 duntur
290 362 463 417 quidam
493 366 740 405 nostrorum
775 366 935 406 temere
973 369 1275 419 procursantes
1309 369 1352 407 et
1385 382 1450 408 ur-

63 433 80 459 5
101 424 229 476 gente
261 423 443 476 utraque
468 425 592 476 parte
613 422 856 465 Antoninus
884 424 1112 465 ambitiose
1144 425 1448 479 praegrediens

100 481 287 535 agmina,
319 481 371 521 ab
393 480 594 522 Vrsicino
616 482 789 535 agnitus
822 484 865 523 et
885 482 1182 537 obiurgatorio
1205 498 1311 525 sonu
1330 484 1448 525 uocis

100 540 332 594 increpitus
364 540 643 594 proditorque
676 543 719 581 et
749 541 938 582 nefarius
978 541 1236 596 appellatus,
1276 543 1450 584 sublata

99 600 223 652 tiara,
257 613 383 653 quam
405 599 535 652 capit-i
568 614 734 640 summo
761 600 928 641 ferebat
958 600 1136 642 honoris
1168 601 1350 656 insigne,
1381 602 1450 642 de-

100 657 222 698 siluit
253 671 360 711 equo
394 658 666 713 <zm-natisque
699 659 917 713 membris,
949 659 1127 701 humum
1158 660 1282 701 uultu
1312 675 1449 714 paene

47 732 80 756 10
100 716 352 770 contingens
385 717 592 757 salutauit
622 720 850 771 patronum
883 718 1106 772 appellans
1139 722 1182 760 et
1219 719 1451 773 dominum,

99 790 248 816 manus
280 778 380 829 post
410 778 533 829 terga
566 779 805 830 conectens,
838 777 949 831 quod
983 778 1094 831 apud
1124 778 1328 832 Assyrios
1356 793 1451 831 sup-

98 834 223 888 plicis
269 834 431 875 indicat
473 834 669 890 formam,
703 839 745 876 et
782 835 968 890 ‘ignosce
1007 836 1127 877 mihi'
1171 837 1313 892 inquit
1352 836 1451 877 ‘am-

97 893 291 947 plissime
337 907 491 947 comes,
534 895 804 948 necessitate,
847 909 933 936 non
974 895 1197 936 uoluntate
1239 895 1291 936 ad
1333 895 1451 950 haec,

100 966 206 1006 quae
249 952 352 993 noui
398 953 591 1006 scelesta,
632 954 857 1007 prolapso:
902 967 1027 1007 egere
1060 969 1127 995 me
1171 954 1452 1008 praecipitem

46 1026 79 1050 15
98 1011 236 1064 iniqui
273 1011 555 1065 flagitatores,
594 1015 642 1053 ut
672 1013 799 1066 nosti,
833 1027 1013 1067 quorum
1046 1013 1253 1054 auaritiae
1285 1027 1339 1054 ne
1376 1015 1452 1054 tua

99 1069 270 1124 quidem
303 1070 471 1111 excelsa
502 1070 581 1112 illa
612 1071 785 1112 fortuna
814 1085 1092 1126 propugnans
1124 1072 1310 1113 miseriis
1343 1072 1450 1112 meis

97 1128 240 1182 potuit
259 1128 493 1183 refragari?
539 1129 668 1170 simul
700 1129 805 1171 haec
827 1130 971 1171 dicens
1005 1145 1026 1171 e
1058 1131 1198 1171 medio
1218 1133 1450 1185 prospectu

98 1187 308 1229 abscessit
336 1202 424 1229 non
456 1203 644 1242 auersus,
671 1189 744 1230 sed
775 1189 877 1230 dum
909 1192 1183 1230 euanesceret
1214 1189 1451 1230 uerecimde

97 1246 419 1301 retrogradiens
453 1250 496 1288 et
526 1250 674 1301 pectus
709 1251 944 1289 ostentans.

45 1321 78 1345 20
220 1306 256 1346 7.
278 1305 395 1354 Quae
415 1306 515 1347 dum
547 1307 592 1347 in
612 1307 824 1348 curriculo
847 1306 1085 1348 semihorae
1107 1310 1305 1361 aguntur,
1336 1310 1453 1361 post-

99 1364 270 1419 signani
300 1365 452 1418 nostri,
486 1366 558 1419 qui
590 1366 796 1407 tenebant
827 1366 1010 1406 editiora
1041 1366 1179 1419 collis,
1211 1366 1452 1407 exclamant

97 1423 230 1465 aliam
279 1423 655 1477 cataphractorum
711 1425 1034 1466 multitudinem
1090 1424 1285 1479 equitum
1340 1439 1450 1478 pone

96 1482 236 1524 uisam
268 1483 490 1524 celeritate
518 1497 646 1538 quam
678 1484 867 1525 maxima
899 1483 1199 1538 propinquare.
1263 1483 1301 1525 8.
1323 1485 1451 1538 atque

98 1544 146 1582 ut
177 1542 223 1582 in
253 1541 381 1583 rebus
403 1542 545 1583 solent
565 1542 760 1596 adflictis,
793 1543 1063 1597 ambigentes
1085 1543 1255 1584 cuinam
1274 1542 1451 1583 deberet

44 1618 77 1643 25
98 1602 173 1641 aut
203 1604 351 1654 posset
383 1602 561 1655 occurri,
592 1602 790 1643 trudente
821 1602 1009 1656 pondere
1042 1601 1181 1655 plebis
1214 1602 1451 1642 immensae

97 1660 272 1713 passim,
312 1675 395 1714 qua
433 1660 584 1714 cuique
615 1661 860 1715 proximum
891 1661 1137 1714 uidebatur,
1175 1660 1451 1701 diffundimur

97 1718 297 1772 imiuersi,
328 1719 511 1773 dumque
533 1734 577 1760 se
599 1720 777 1774 quisque
799 1720 996 1774 expedire
1017 1719 1263 1760 discrimine
1291 1732 1450 1773 magno

97 1779 288 1831 conatur,
321 1778 504 1832 sparsim
535 1778 703 1819 disiecti
734 1778 853 1820 hosti
884 1778 1178 1820 concursatori
1209 1778 1451 1819 miscemur.

96 1835 136 1876 9.
167 1836 311 1891 itaque
345 1840 490 1891 spreta
521 1837 607 1878 iam
639 1837 812 1879 uiuendi
845 1837 1077 1891 cupiditate
1109 1837 1280 1878 fortiter
1311 1837 1451 1877 decer-

44 1913 77 1938 30
96 1898 247 1936 nentes
281 1895 334 1936 ad
365 1899 478 1950 ripas
517 1896 719 1949 pellimur
752 1896 936 1950 Tigridis
976 1896 1062 1936 alte
1102 1899 1277 1936 excisas.
1338 1895 1449 1936 unde

98 1954 269 2008 quidam
299 1956 552 2008 praecipites
572 1955 687 2008 pulsi
717 1955 1035 2008 implicantibus
1059 1958 1187 1995 armis
1220 1953 1454 1995 haeserunt

95 2013 169 2054 ubi
199 2012 384 2054 uadosus
406 2015 472 2054 est
504 2017 652 2068 amnis,
685 2013 756 2054 alii
788 2014 1038 2055 lacunarum
1069 2013 1213 2054 hausti
1238 2015 1450 2067 uertigine

52 2102 55 2105 -
97 2072 372 2127 uorabantur,
402 2086 491 2113 non
520 2072 630 2114 nulli
650 2087 745 2113 cum
771 2072 895 2114 hoste
917 2075 1138 2126 congressi
1156 2075 1275 2112 uario
1297 2074 1451 2112 euentu

98 2130 340 2185 certabant,
379 2131 552 2185 quidam
584 2145 816 2173 cuneorum
847 2131 1056 2172 densitate
1088 2132 1306 2185 perterriti
1336 2132 1451 2184 pete-

187 2248 207 2279 5
232 2246 391 2289 utraque
416 2247 524 2290 parte
548 2247 707 2291 urgente
738 2245 781 2279 V¹
875 2246 1115 2280 ambitiosum
1143 2245 1211 2279 VP
1305 2249 1344 2279 ll
1377 2246 1450 2279 ter-

96 2301 187 2334 gum
211 2290 254 2335 by
347 2294 390 2324 14
412 2291 501 2325 noui
527 2291 594 2336 hya
616 2291 706 2325 noni
736 2291 805 2325 VP
828 2291 930 2326 moui
955 2291 1194 2326 Kellerbauer
1218 2294 1250 2324 et
1277 2289 1451 2335 Eyssenh.

98 2334 290 2414 ἓξῃίὲἑξυέ
305 2335 439 2415 {ssa
461 2336 592 2380 inquid
622 2335 691 2370 VP
713 2346 781 2371 om.
808 2337 843 2370 A
914 2340 957 2372 25
980 2336 1097 2382 possit
1125 2335 1262 2381 VPbya
1332 2338 1374 2369 32
1400 2334 1459 2395 1⁰⁶,
