1614 2549
507 79 846 116 CONsTANTws
870 85 936 117 354
1352 85 1405 127 51

55 179 238 231 uastum,
270 190 395 230 quem
415 175 688 230 Brigantiam
720 176 866 218 accola
895 175 1058 218 Raetus
1092 178 1296 232 appellat,
1316 193 1409 233 per-

56 249 135 290 que
168 234 481 289 quadringenta
513 238 556 276 et
588 235 814 290 sexaginta
845 235 983 277 stadia
1013 236 1191 290 longum
1229 237 1407 292 parique

54 307 187 348 paene
221 294 358 348 spatio
393 293 481 335 late
513 293 712 335 diffusum
750 293 928 335 horrore
967 295 1172 336 siluarum
1212 296 1409 350 squalen-

54 353 162 394 tium
180 352 457 407 inaccessum,
477 377 531 382 ——
546 352 631 394 nisi
651 367 736 407 qua
753 356 878 394 uetus
897 353 977 393 illa
988 353 1187 395 Romana
1205 354 1343 396 uirtus
1364 358 1408 396 et

19 425 36 451 5
55 411 201 453 sobria
219 411 303 453 iter
323 412 549 466 conposuit
581 412 717 452 latum
738 436 793 440 —
813 411 1010 453 barbaris
1035 416 1077 453 et
1107 416 1264 455 natura
1294 414 1407 456 loco-

53 485 148 512 rum
180 474 223 511 et
255 471 362 512 caeli
392 470 667 512 inclementia
697 470 957 524 refragante.
998 472 1038 512 4.
1057 471 1168 513 hanc
1200 486 1302 527 ergo
1335 488 1408 527 pa-

53 529 196 571 ludem
229 530 441 583 spumosis
475 529 702 584 strependo
735 529 968 571 uerticibus
989 530 1127 571 amnis
1158 531 1406 586 inrumpens

53 591 96 629 et
126 588 334 630 undarum
366 589 555 643 quietem
592 602 817 642 permeans
849 589 1033 644 pigram⁷
1069 589 1255 630 mediam
1286 591 1407 631 uelut

51 646 188 689 funali
228 648 460 689 intersecat
500 647 762 689 libramento
803 651 845 689 et
884 651 1106 702 tamquam
1148 648 1407 690 elementum

17 719 34 746 0
51 707 229 760 perenni
267 706 478 747 discordia
520 710 765 760 separatum
801 721 879 748 nec
911 709 1036 749 aucto
1069 722 1145 749 nec
1177 707 1405 749 imminuto

52 765 223 819 agmine
265 765 379 819 quod
409 766 579 819 intulit,
620 765 831 807 uocabulo
875 769 917 807 et
958 766 1121 808 uiribus
1164 767 1406 808 absoluitm-

51 824 232 878 integris
276 839 352 865 nec
398 824 599 879 contagia
642 824 791 865 deinde
836 825 928 866 ulla
970 826 1214 879 perpetiens
1259 826 1407 867 oceani

53 883 299 937 gurgitibus
331 883 567 924 intimatur.
600 883 638 924 5.
660 883 855 938 quodque
891 887 956 924 est
988 884 1204 938 impendio
1237 884 1406 939 mirum,

50 956 128 983 nec
161 945 362 997 stagnum
394 956 601 997 aquarum
632 942 781 996 rapido
818 946 1069 984 transcursu
1101 945 1298 985 mouetm·
1328 958 1407 984 nec

18 1013 34 1039 5
53 1001 209 1042 limosa
230 1001 426 1042 subluuie
446 1001 643 1043 tardatur
661 1015 896 1055 properans
916 1001 1087 1056 flumen,
1119 1006 1162 1043 et
1185 1002 1407 1044 confusum

52 1059 221 1101 misceri
252 1074 338 1101 non
369 1062 514 1114 potest
546 1074 718 1113 corpus:
760 1060 890 1114 quod,
930 1061 975 1102 ni
1006 1061 1069 1102 ita
1102 1061 1174 1115 agi
1211 1061 1304 1115 ipse
1336 1061 1406 1103 do-

56 1121 172 1160 ceret
192 1121 402 1173 aspectuS‚
421 1118 542 1160 nulla
560 1118 605 1160 ui
626 1118 878 1160 credebatur
897 1134 1024 1173 posse
1045 1119 1240 1161 discerni.
1276 1120 1314 1161 6.
1347 1120 1408 1161 sic

52 1177 248 1232 Alpheus
282 1178 424 1219 oriens
462 1178 508 1218 in
538 1177 725 1218 Arcadia
763 1177 958 1232 cupidine
995 1178 1130 1219 fontis
1161 1178 1405 1220 Arethusae

53 1239 202 1291 captus
246 1236 440 1277 scindens
482 1236 653 1277 Ionium
694 1250 824 1291 mare,
863 1239 911 1278 ut
951 1237 1123 1278 fabulae
1156 1237 1312 1291 ferunt,
1353 1237 1405 1278 ad

18 1307 35 1332 0
55 1310 189 1350 usque
222 1298 389 1337 amatae
423 1295 608 1336 confinia
627 1327 1031 1336 ..............

174 1355 209 1395 7.
242 1386 563 1395 ..............
584 1353 684 1394 dum
704 1354 915 1408 adessent,
941 1354 1042 1395 licet
1063 1355 1192 1396 sciret
1212 1387 1407 1396 .........

51 1427 148 1454 orsa
178 1412 408 1467 bellorum,
450 1412 498 1454 in
535 1411 724 1454 occultas
764 1413 931 1454 delatus
968 1413 1147 1455 insidias
1185 1415 1292 1455 steht
1330 1414 1406 1455 im-

50 1471 224 1513 mobilis
257 1472 371 1513 malo
404 1472 629 1526 repentino
661 1472 897 1538 perculsus.
960 1473 998 1514 8.
1037 1505 1235 1513 .........
1267 1472 1350 1513 uisi
1383 1487 1405 1513 e

50 1530 230 1572 latebris
271 1530 419 1572 hostes
462 1530 644 1572 exiliunt
683 1534 725 1571 et
771 1531 861 1572 sine
903 1531 1168 1585 parsimonia
1205 1531 1407 1586 quicquid

16 1601 32 1626 5
52 1589 208 1631 offendi
239 1592 423 1643 poterat,
455 1589 642 1631 telorum
675 1602 831 1644 genere
863 1590 1095 1644 multiplici
1115 1590 1406 1645 configebant:

51 1662 129 1690 nec
174 1648 287 1689 enim
329 1648 530 1690 resistere
574 1651 823 1690 nostrorum
867 1649 1094 1703 quisquam
1142 1649 1284 1703 potuit
1325 1663 1405 1690 nec

51 1707 167 1749 aliud
197 1707 313 1749 uitae
335 1707 573 1749 subsidium
591 1707 677 1748 nisi
696 1707 886 1749 discessu
907 1722 1079 1762 sperare
1100 1708 1251 1750 ueloci.
1304 1722 1404 1762 quo-

51 1766 163 1807 circa
182 1766 432 1808 uulneribus
453 1766 715 1807 declinandis
743 1766 901 1808 intenti
932 1767 1205 1821 inconposito
1232 1767 1404 1821 agmine

50 1825 210 1866 milites
231 1825 314 1867 huc
341 1829 384 1866 et
401 1825 506 1867 illuc
527 1825 793 1879 dispalantes
819 1828 944 1880 terga
975 1825 1167 1867 ferienda
1187 1825 1406 1866 dederunt.

20 1895 36 1920 0
53 1884 249 1939 plerique
281 1887 428 1926 tamen
458 1898 535 1938 per
561 1887 773 1939 ⁴angustas
814 1885 990 1925 semitas
1030 1884 1169 1939 sparsi
1199 1883 1407 1937 periculo-

56 1956 136 1996 que
169 1943 383 1996 praesidio
417 1943 671 1985 tenebrosae
702 1943 840 1984 noctis
875 1944 1056 1985 extracti
1085 1943 1283 1984 reuoluta
1319 1942 1407 1984 iam

140 2108 160 2138 2
216 2104 467 2150 uadringenta
500 2104 622 2138 V2GP
660 2104 919 2151 quadragenta
954 2104 997 2139 V¹
1094 2110 1111 2139 7
1144 2104 1344 2149 strependo
1372 2103 1407 2138 G

54 2149 195 2183 sterten
224 2159 245 2183 o
275 2148 343 2184 VP
395 2153 415 2184 9
438 2149 558 2184 funali
583 2149 766 2184 Loisellus
789 2147 893 2184 finali
918 2150 1022 2186 codd
1079 2154 1121 2185 18
1145 2150 1292 2184 aretuse
1320 2148 1407 2183 ·V2P

50 2203 200 2228 arcense
223 2193 270 2228 V¹
323 2198 366 2229 20
391 2193 552 2228 confinia
575 2205 643 2238 pro
692 2195 802 2229 ontus
819 2204 892 2238 que
917 2194 1095 2229 barbaros
1115 2194 1193 2245 [lac.
1211 2195 1278 2239 2¹s2
1294 2204 1387 2228 uers.

50 2237 139 2271 dum
168 2237 236 2272 VP
282 2242 320 2272 21
350 2238 462 2273 sciret
503 2239 571 2275 lac
599 2205 733 2284 eff]
783 2243 826 2274 22
851 2240 933 2274 orta
954 2239 1022 2274 VP
1058 2239 1130 2274 insi
1157 2240 1240 2284 {lac
1268 2243 1287 2273 6
1313 2239 1383 2275 litt

20 2292 22 2295 ’
48 2282 252 2317 immobilis
286 2282 355 2318 VP
384 2283 471 2334 (insi
500 2283 555 2318 ias
590 2284 675 2329 b9a3
714 2239 820 2319 stetit
855 2283 1038 2326 Valesius)
1132 2288 1176 2320 23
1211 2283 1405 2335 perculsus

52 2326 137 2416 [lac.
162 2331 182 2362 9
208 2327 297 2418 litt}
324 2328 395 2362 uisi
424 2327 492 2363 VP
584 2332 627 2364 24
662 2329 739 2363 sine
765 2328 996 2373 parcimonia
1025 2329 1193 2364 Valesius
1217 2329 1293 2363 siue
1318 2339 1404 2372 pars

69 2371 126 2408 lac
161 2376 181 2407 8
206 2372 267 2408 litt
318 2373 382 2408 nia
410 2372 479 2408 VP

1143 2431 1189 2465 4..
