1614 2549
339 87 677 124 CONSTANTIVS
700 88 762 122 ET
788 87 1021 123 IVLIANVS
1046 92 1112 124 356
1348 89 1402 132 89

56 185 186 236 ctam,
235 182 494 224 anteriorem
538 181 776 236 chlamydis
827 184 995 236 partem
1044 184 1226 236 utraque
1276 197 1405 224 manu

55 240 213 283 uehens
243 240 501 282 intrinsecus
534 243 796 282 structuram
828 255 998 282 omnem
1035 243 1084 281 ut
1122 240 1302 282 amictus
1336 241 1405 282 ad-

56 302 283 342 ornauerat
330 299 607 353 principales:
658 314 767 353 quae
810 314 877 340 res
927 299 1237 353 patrimonium
1287 299 1404 341 diues

57 357 222 399 euertit.

3 431 20 456 5
173 416 212 457 9.
243 415 520 470 Malignitate
540 416 674 457 simili
694 416 868 470 quidam
889 428 1020 469 agens
1041 416 1087 456 in
1106 416 1234 457 rebus
1266 416 1312 456 in
1329 415 1405 457 Hi-

56 475 205 529 spania
225 475 275 515 ad
297 489 444 516 cenam
463 475 613 516 itidem
638 475 846 515 inuitatus
868 489 963 515 cum
983 474 1216 515 inferentes
1237 489 1404 528 uesper-

55 533 147 574 tina
184 533 347 574 lumina
384 548 538 587 pueros
578 534 837 574 exclamasse
877 533 1065 574 audisset
1097 547 1147 573 ex
1186 547 1266 574 usu
1298 533 1406 573 ‘uin—

0 588 1 643 Ῐ
29 632 32 634 ,
57 605 198 633 camus
219 593 248 646 ’ἱ-
268 607 403 646 perun
435 624 443 632 .
459 624 466 632 .
482 624 490 632 .
506 592 536 633 .'
570 592 778 632 sollemne
800 623 1071 632 ............
1092 591 1403 645 interpretatus

0 676 1 692 ι
56 650 277 704 atrociter,
310 651 470 692 deleuit
500 651 691 691 nobilem
723 651 908 691 domum.

0 723 38 750 ¹110
176 709 242 750 10.
272 709 391 750 Haec
411 710 602 763 taliaque
623 710 717 751 ideo
738 709 876 763 magis
898 709 1121 763 magisque
1143 708 1405 761 crescebant,

0 768 23 775 ⁹
57 767 169 822 quod
207 766 486 809 Constantius
532 768 732 822 inpendio
777 768 952 808 timidus
992 782 1159 821 semper
1197 781 1241 808 se
1285 767 1406 808 feriri

57 826 274 880 sperabat,
313 829 360 868 ut
393 826 625 881 Dionysius
665 831 873 881 tyrannus
906 826 980 866 ille
1014 824 1205 879 Siciliae,
1244 825 1318 880 qui
1350 825 1404 866 ob

55 884 137 926 hoc
156 884 270 925 idem
289 885 445 926 uitium
466 889 509 927 et
540 886 768 927 tonstrices
790 885 936 926 docuit
967 884 1092 938 filias,
1123 884 1246 925 necui
1266 883 1404 925 alieno

1 940 12 952 ‘
56 958 132 985 ora
165 945 455 986 committeret
485 945 726 998 leuiganda,
759 944 987 997 aedemque
1020 943 1207 995 breuem,
1238 942 1313 983 ubi
1339 956 1408 983 cu-

4 1016 37 1042 15
56 1002 196 1043 bitare
230 1006 444 1057 sueuerat,
483 1003 573 1044 alta
605 1003 884 1044 circumdedit
914 1004 1033 1043 fossa
1065 1015 1242 1056 eamque
1274 1003 1405 1054 ponte

58 1061 234 1102 solubili
267 1062 568 1116 superst1·auit,
607 1062 725 1103 cuius
758 1061 959 1103 disiectos
993 1075 1156 1102 asseres
1191 1062 1233 1100 et
1267 1059 1405 1100 axicu-
1465 1055 1471 1092 Ῐ

23 1154 26 1156 ,
57 1119 122 1160 los
155 1134 298 1161 secum
330 1121 375 1161 in
407 1135 603 1162 somnum
641 1121 788 1161 abiens
826 1119 1116 1161 transferebat
1152 1118 1405 1172 eosdemque

19 1179 375 1233 lj-bonpaginabat
407 1179 515 1220 lucis
536 1179 662 1220 initio
683 1194 973 1233 processurus.
1009 1180 1075 1218 11.
1095 1177 1307 1218 inflabant
1338 1177 1408 1218 iti-

3 1238 27 1283 s
51 1237 153 1278 dem
184 1236 263 1279 has
296 1238 508 1279 malorum
541 1238 733 1279 ciuilium
764 1238 942 1279 bucinas
975 1240 1172 1291 potentes
1210 1235 1256 1278 in
1285 1235 1406 1289 regia

4 1309 38 1335 20
58 1310 108 1336 ea
139 1310 196 1349 re,
227 1300 276 1338 ut
308 1297 608 1338 damnatorum
638 1297 777 1350 petita
807 1297 921 1337 bona
953 1296 1040 1336 suis
1073 1295 1408 1348 adcorporarent

57 1357 252 1409 essetque
284 1356 465 1396 materia
494 1370 571 1409 per
603 1355 849 1397 uicinitates
870 1369 1018 1396 eorum
1049 1354 1136 1394 late
1169 1353 1408 1407 grassandi.

60 1413 125 1454 12.
152 1427 336 1468 namque
355 1417 404 1455 ut
424 1414 679 1455 documenta
700 1414 863 1468 liquida
880 1413 1174 1467 prodiderunt,
1193 1412 1406 1466 proximo-

46 1484 151 1513 ·rum
165 1471 306 1514 fauces
328 1472 495 1526 aperuit
514 1473 677 1527 primus
693 1473 883 1514 omnium
899 1470 1219 1523 Constantinus,
1241 1471 1313 1511 sed
1334 1484 1406 1511 eos

56 1531 256 1572 medullis
287 1532 606 1585 prouinciarum
638 1531 857 1585 saginauit
889 1529 1182 1572 Constantius.
1230 1530 1294 1570 13.
1327 1529 1405 1570 sub

4 1602 38 1627 25
58 1587 140 1641 hoc
160 1590 273 1630 enim
294 1590 489 1643 ordinum
512 1590 782 1644 singulorum
804 1593 996 1631 auctores
1017 1589 1189 1630 infinita
1208 1588 1404 1642 cupidine

58 1638 307 1689 diuitiarum
339 1640 537 1690 arserunt
569 1649 658 1690 sine
691 1649 883 1690 iustitiae
904 1648 1179 1689 distinctione
1199 1647 1269 1688 uel
1288 1646 1409 1699 recti,

58 1706 170 1747 inter
220 1707 461 1749 ordinarios
511 1708 671 1749 iudices
720 1707 901 1749 Rufinus
951 1707 1115 1761 primus
1164 1705 1407 1760 praefectus

56 1766 286 1819 praetorio,
319 1769 361 1807 et
394 1767 506 1807 inter
537 1766 750 1808 militares
771 1766 964 1820 equitum
983 1766 1193 1820 magister
1213 1764 1409 1817 ArbetiO,

57 1825 411 1878 praepositusque
444 1825 653 1869 cubiculi*
661 1857 834 1865 ........
868 1839 973 1865 anus
1012 1827 1231 1878 quaestor,
1277 1826 1319 1864 et
1362 1822 1408 1863 in

5 1893 39 1920 30
57 1882 162 1923 urbe
188 1882 342 1935 Anicii,
376 1884 448 1938 qui
481 1914 1202 1925 ...............................
1230 1895 1408 1922 auorum

149 2054 168 2084 3
233 2050 448 2094 rincipales:
493 2061 588 2094 quae
625 2049 759 2092 Haupt
794 2048 939 2093 princip
916 2049 1047 2093 pqales
1160 2051 1178 2082 7
1214 2047 1408 2082 uincamus

58 2104 176 2138 perun
203 2061 284 2138 fiac.
308 2098 354 2129 10
378 2095 450 2129 litt.
478 2096 538 2139 (56
563 2095 632 2130 litt.
651 2094 714 2138 A)]
740 2094 862 2128 lemne
889 2093 968 2137 [lac.
993 2096 1041 2128 12
1065 2094 1134 2128 litt.
1161 2094 1221 2136 (50
1246 2093 1316 2128 litt.
1340 2093 1406 2136 A)]

57 2139 369 2189 interpraetatum
387 2139 492 2173 VAP
508 2142 703 2174 uincamus
719 2138 989 2183 interpretatus
1001 2139 1082 2173 sine
1099 2139 1170 2173 lac
1189 2137 1222 2172 G
1272 2141 1310 2171 11
1325 2141 1409 2181 post

58 2183 212 2218 timidus
236 2185 394 2219 inseruit
419 2186 516 2219 esset
541 2185 585 2219 ba
610 2185 677 2219 Zac.
702 2184 749 2217 20
774 2183 845 2218 litt.
876 2183 944 2217 VP
967 2184 1046 2218 sine
1071 2184 1138 2217 zac.
1167 2182 1200 2217 G
1286 2186 1327 2216 17
1353 2193 1407 2216 so-

2 2239 3 2242 *
58 2239 186 2262 mnum
212 2229 277 2273 δρα
302 2228 449 2263 sontino
480 2229 548 2263 VP
639 2233 682 2264 28
712 2227 855 2262 Arbitio
883 2228 916 2262 G
1011 2232 1054 2262 29
1086 2227 1304 2261 eubiculim
1325 2227 1409 2271 laps

63 2273 144 2317 [lac.
169 2276 216 2308 23
240 2274 324 2318 litt]
350 2284 442 2308 anus
472 2274 540 2308 VP
565 2272 728 2308 cubiculi
765 2273 803 2307 et
825 2272 1016 2307 Vrsicinus
1052 2272 1234 2317 equestris
1270 2271 1410 2306 ordinis

23 2346 26 2348 .
58 2318 271 2369 praefectus
284 2318 364 2370 bya
439 2323 482 2354 30
507 2319 693 2362 aniciique
720 2318 800 2362 [lac
826 2320 871 2352 30
895 2318 980 2362 ma]
1006 2328 1137 2352 uorum
1168 2317 1236 2351 VP
1260 2316 1409 2351 Anitius

61 2362 125 2406 qui
150 2367 188 2396 in
212 2363 357 2408 regiam
382 2363 449 2407 bqa
