1573 2508
155 59 209 102 43
683 54 751 90 xv
775 58 808 99 3,
832 58 931 98 3—4,
957 58 999 90 10
1463 56 1466 58 ·
1532 0 1561 97 l

157 213 406 267 spicacitate
429 211 520 251 sine
540 208 831 249 innocentium
852 208 1123 261 sontiumque
1138 206 1378 248 differentia
1398 206 1507 247 alios

159 271 409 312 uerberibus
450 268 518 309 uel
560 267 786 308 tormentis
825 265 1019 307 adflictos
1061 265 1223 306 exulari
1264 279 1401 318 poena
1440 263 1509 305 da-

160 331 374 381 mnarunt,
395 326 600 381 quosdam
616 325 667 366 ad
687 325 877 366 infimam
897 327 1062 365 trusere
1083 323 1296 376 militiam,
1316 323 1508 364 residuos

161 387 415 440 capitalibus
461 384 657 426 addixere
703 383 936 437 suppliciis.
993 382 1267 436 impletisque
1310 382 1544 423 funeriun⁵

159 446 298 486 bustis
332 444 491 485 reuersi
517 443 637 484 uelut
669 445 846 484 ouantes
879 444 1004 495 gesta
1033 441 1294 482 rettulerunt
1326 440 1378 482 ad
1396 439 1510 494 prin-

161 505 298 557 cipem
320 516 423 557 erga
442 503 547 543 haec
568 505 611 542 et
631 501 790 542 similia
810 500 953 554 palam
973 500 1239 541 obstinatum
1261 500 1304 540 et
1323 511 1510 553 grauem.
1552 493 1565 555 ξ

162 564 200 603 3.
221 561 516 603 uehementius
549 563 649 601 tunc
683 563 724 600 et
757 559 904 600 deinde
926 557 1205 600 Constantius
1239 557 1360 611 quasi
1392 571 1511 611 prae·
1555 556 1566 613 l

163 621 369 674 scriptum
401 620 588 660 fatorum
616 618 806 659 ordinem
828 617 1108 658 conuulsurns
1141 616 1307 658 recluso
1339 619 1530 671 pectore*
1557 620 1566 678 ’ξ

163 680 339 733 putebat
372 677 674 718 insidiantibus
707 676 868 717 multis.
929 675 1037 717 mide
1070 689 1289 716 rumorum
1328 687 1510 727 aucupes
1532 675 1573 726 iq·

165 737 306 778 subito
328 737 507 777 extitere
530 735 768 788 conplures,
788 734 998 775 honorum
1018 734 1198 775 uertices
1220 734 1334 786 ipsos
1362 731 1510 773 ferinis
1560 760 1567 788 ³

165 795 377 837 morsibus
411 795 662 848 adpetentes
694 796 928 847 posteaque
956 806 1162 846 pauperes
1195 795 1237 832 et
1265 791 1421 832 diuites
1453 791 1514 831 in·
1562 803 1566 834 ζ

163 855 364 895 discrete:
395 867 482 894 non
514 856 562 893 ut
593 851 823 905 (ahymmo
855 851 921 892 illi
949 850 1133 903 Veri-ini,
1165 850 1355 891 tribunal
1387 849 1513 890 unius
1559 851 1568 902 ζ’

167 913 300 966 legati
334 911 584 963 lambentes,
623 911 695 951 sed
728 910 788 951 rei
822 910 1016 963 publicae
1049 909 1242 950 membra
1272 908 1406 950 totius
1439 922 1514 961 per
1563 923 1566 930 ’

167 970 399 1012 incidentia
419 970 534 1010 mala
548 971 764 1010 uexantes.
826 970 864 1009 4.
884 969 998 1009 inter
1020 982 1125 1022 quos
1145 967 1271 1009 facile
1291 966 1451 1008 Paulus
1472 969 1514 1007 et
1535 976 1573 1008 w

166 1029 402 1070 Mercurius
436 1029 699 1069 eminebant:
731 1027 800 1068 hic
834 1027 1001 1080 origine
1034 1027 1175 1078 Persa,
1207 1026 1276 1067 <ille
1305 1028 1432 1066 natus
1471 1025 1516 1066 in

167 1087 318 1129 Dacia:
351 1088 543 1128 notarius
576 1086 662 1139 ille,
695 1085 763 1126 liic
798 1100 821 1126 a
853 1085 1051 1126 ministro
1079 1084 1257 1126 triclinii
1277 1083 1515 1125 rationalis.

170 1149 212 1187 et
244 1145 379 1186 Paulo
414 1145 596 1199 quidem,
629 1148 675 1185 ut
708 1144 890 1185 relatum
923 1147 988 1184 est
1021 1158 1161 1197 supra,
1194 1142 1379 1184 Catenae
1411 1141 1516 1183 indi·
1558 1166 1573 1207 3

168 1208 259 1245 tum
292 1208 357 1245 est
390 1206 734 1257 cognomentum,
766 1216 815 1243 eo
850 1202 961 1256 quod
994 1202 1039 1243 in
1076 1201 1366 1256 conplicandis
1406 1200 1516 1242 calu-
1559 1205 1572 1251 ᾖ

169 1263 380 1304 mniarum
397 1262 578 1303 nexibus
600 1265 692 1302 erat
711 1260 1003 1302 indissolubili
1024 1261 1100 1313 ira,
1131 1260 1403 1301 inuentorum
1423 1272 1515 1300 sese
1536 1258 1573 1302 2&

169 1321 378 1362 uarietate
422 1320 688 1374 dispendens,
739 1323 785 1360 ut
834 1319 877 1359 in
922 1319 1310 1360 conluctationibus
1361 1317 1516 1359 callere

169 1380 296 1420 nimis
324 1379 494 1433 quidam
521 1379 661 1420 solent
681 1378 865 1419 artifices
892 1377 1179 1431 palaestritae.
1224 1377 1262 1419 ἴ).
1282 1376 1516 1418 Mercurius
1567 1380 1573 1407 ὅ

171 1438 433 1479 somniorum
477 1437 719 1491 appellatus
752 1451 904 1489 comes,
949 1436 1060 1490 quod
1106 1439 1152 1477 ut
1193 1436 1303 1477 clam
1341 1434 1517 1476 mordax
1540 1436 1572 1471 .’

171 1497 286 1538 canis
319 1496 487 1537 interna
519 1496 699 1537 saeuitia
732 1495 984 1536 submissius
1006 1495 1176 1548 agitans
1200 1493 1390 1547 caudam,
1422 1507 1518 1547 epu-

172 1556 225 1596 lis
247 1555 521 1608 coetibusque
555 1570 598 1596 se
620 1554 780 1595 crebris
812 1554 1004 1594 inserens
1037 1553 1072 1593 si
1105 1567 1180 1606 per
1201 1552 1388 1607 quietem
1407 1551 1519 1606 quis·
1538 1566 1573 1595 25

173 1628 311 1668 quam,
342 1613 416 1654 ubi
448 1613 584 1654 fusius
604 1615 757 1654 natura
777 1616 971 1665 uagatur,
1003 1611 1162 1652 uidisse
1195 1610 1357 1665 aliquid
1380 1610 1518 1652 amieo
1572 1627 1573 1631 ¹

171 1675 402 1725 narrasset,
433 1671 475 1712 id
509 1671 731 1713 uenenatis
766 1671 930 1712 artibus
964 1670 1200 1711 coloratum
1227 1670 1272 1710 in
1296 1669 1417 1723 peius
1448 1682 1519 1722 pa·
1571 1676 1573 1681 ‘

174 1730 276 1772 tulis
310 1730 581 1784 imperatoris
615 1730 787 1771 auribus
819 1729 1072 1770 infundebat
1103 1732 1146 1770 et
1177 1729 1231 1769 ob
1269 1727 1350 1769 hoc
1389 1727 1519 1768 homo

175 1792 394 1843 tamquam
426 1788 676 1842 inexpiabili
709 1787 918 1829 obnoxius
951 1787 1112 1841 culpae,
1144 1786 1266 1841 graui
1299 1785 1410 1827 mole
1443 1784 1520 1826 cri-

1546 96 1561 123 ι

158 153 402 206 iactantiae,
441 151 589 193 iniusti
626 150 788 204 pariter
826 152 869 190 et
907 149 1083 190 cruenti.
1152 148 1223 202 qui
1261 147 1379 189 nulla
1416 161 1507 202 per·
1544 120 1564 473 ξ

1554 478 1563 492 .

270 1932 285 1961 1
322 1926 596 1971 ierspicacitatc
623 1926 655 1959 A
680 1925 946 1976 perspicaciter
970 1924 1074 1959 codd.
1132 1928 1151 1959 3
1177 1923 1392 1958 uerberibus
1416 1923 1473 1958 Pb
1497 1933 1521 1957 a

179 1939 391 2005 uelueribus
421 1970 454 2004 V
521 1976 541 2005 5
565 1982 606 2004 su
636 1970 756 2014 pliciis
780 1970 886 2014 Pbya
911 1981 978 2013 sup
1006 1969 1114 2004 lectis
1144 1968 1176 2001 V
1242 1972 1262 2003 8
1293 1969 1383 2002 tunc
1410 1967 1449 2002 C.
1513 1993 1521 2001 .

184 2015 240 2050 W.
265 2015 406 2050 Maller
431 2016 515 2049 hinc
539 1982 640 2052 codg.
714 2018 753 2048 16
778 2014 840 2048 ille
872 2014 958 2048 add.
1028 2024 1094 2048 om.
1118 2012 1231 2047 VPba
1301 2016 1342 2047 17
1372 2012 1433 2046 hio
1458 2011 1521 2046 ille

176 2064 356 2102 tran-spos.
392 2059 425 2093 G
502 2063 544 2093 :20
575 2060 631 2093 ira
663 2059 711 2103 (¹2)
743 2058 918 2102 Eyssenh.
949 2058 1048 2092 intra
1076 2057 1109 2091 V
1141 2058 1240 2092 tetra
1269 2057 1337 2102 bya
1393 2057 1522 2090 inuen-

176 2106 298 2139 torum
330 2104 496 2138 Valesius
526 2104 745 2138 inuenerum
777 2104 849 2148 [-nt
878 2104 925 2148 P]
962 2102 1029 2137 VP
1060 2112 1206 2137 uenena
1240 2102 1307 2146 bya
1375 2104 1416 2135 21
1449 2099 1521 2135 cal-

178 2149 254 2184 lere
286 2149 395 2182 nimis
420 2148 623 2182 Salmasius
648 2159 703 2182 ex.
728 2148 787 2182 Pl.
811 2158 848 2191 p.
874 2152 937 2182 291
964 2146 1004 2182 D
1028 2146 1149 2182 calere
1173 2157 1259 2181 nem
1279 2146 1310 2180 is
1339 2145 1406 2181 VP
1421 2144 1521 2180 ealce

179 2195 306 2228 tenere
338 2194 406 2237 bya
453 2197 494 2227 23
526 2193 753 2227 somniorum
772 2192 938 2227 Valesius
962 2191 1240 2226 sollemniorum
1269 2189 1303 2224 V
1346 2189 1523 2226 Meneni·

177 2238 232 2272 tia
261 2238 475 2272 submissius
503 2237 697 2271 Hermann
725 2237 818 2270 uitia
845 2237 1058 2271 summissus
1094 2235 1160 2270 VP
1192 2234 1349 2270 caudam
1372 2243 1441 2269 om.
1465 2234 1523 2268 Pb

179 2286 222 2317 26
247 2283 406 2326 uagatur
433 2282 464 2316 G
492 2282 517 2315 li
543 2292 565 2316 a
592 2283 675 2316 atur
707 2281 816 2315 VPem
909 2285 951 2315 :27
987 2281 1171 2315 narrasset
1208 2280 1279 2314 GA
1315 2289 1424 2314 naras
1456 2277 1523 2313 VP
1566 2318 1570 2322 ⁴

180 2330 223 2361 2¹.)
255 2326 507 2371 inexplicabili
541 2326 555 2359 1
592 2327 671 2369 ’Ima
