1573 2508
100 65 184 108 236
635 61 718 98 XXI
743 66 775 106 4,
801 66 900 105 7-5,
925 66 944 97 7

103 162 173 200 rat
205 157 257 198 ad
278 156 579 199 Constantium
606 156 872 210 conperisset
902 155 988 197 iam
1019 156 1252 211 publicata,
1282 169 1336 197 ne
1355 169 1451 197 con·
1552 191 1561 227 )

105 217 216 258 uicio
251 216 421 270 quidem
459 219 582 256 tenus
622 214 889 269 conpellatus
922 214 1076 256 missus
1110 218 1175 256 est
1212 214 1264 255 ad
1296 213 1451 268 Hispa·
1549 231 1561 268 ff

104 275 212 318 nias.
274 274 314 315 id
359 274 471 315 enim
516 273 657 315 studio
697 273 927 315 curabatur
970 273 1148 328 ingenti,
1190 287 1242 314 ne
1281 272 1450 314 Iuliano

105 333 346 374 discedente
379 347 404 373 a
435 331 591 373 Galliis
624 331 944 373 inmanissimus
976 331 1104 374 homo
1134 331 1452 386 prouinciarum

107 394 268 433 statum
301 403 428 445 aegre
461 391 730 445 conpositum
761 390 961 431 licentius
994 390 1280 431 conturbaret.
1469 403 1487 430 5

226 450 263 491 7.
282 448 376 490 Hoc
409 463 508 490 casu
542 450 696 491 elatior
716 449 921 502 lulianus,
951 449 1066 503 regis
1099 448 1300 502 opinione
1326 447 1452 489 citius

107 508 347 562 intercepti,
380 522 505 563 quem
531 508 801 562 profecturus
835 508 886 549 ad
913 507 1146 562 longinqua
1178 505 1454 560 formidabat,

106 566 216 608 nihil
237 566 556 608 remittentibus
572 567 682 608 curis
697 566 906 608 barbaros
929 566 1088 608 adoriri
1107 565 1332 619 disposuit,
1346 578 1453 619 quos

108 625 338 680 peremisse
371 624 625 666 Libinonem
659 625 859 667 comitem
891 624 935 665 in
967 637 1196 678 congressu
1217 637 1313 665 cum
1343 622 1455 664 mili-
1557 640 1559 642 ·

109 685 226 725 tibus
260 683 481 724 docuimus
514 684 672 737 paucis.
735 684 773 725 8.
806 687 849 724 et
885 697 937 724 ne
970 697 1116 724 rumor
1147 682 1355 724 aduentus
1388 681 1453 722 sui
1474 696 1508 722 10
1554 648 1565 722 l

110 757 182 784 eos
225 742 277 783 ad
317 742 553 783 remotiora
594 742 847 796 traduceret,
889 744 1088 795 superato
1120 740 1272 782 Rheno
1313 739 1453 782 noctis

110 802 198 842 alto
233 800 405 841 silentio
439 815 534 842 cum
567 801 822 842 auxiliorum
856 796 1186 854 expeditissimis
1220 799 1362 853 globis
1393 797 1456 839 ni-

109 859 172 901 hil
218 862 453 900 metuentes
495 858 621 900 huius
667 859 780 901 modi
825 859 1117 911 circumuenit,
1161 858 1454 911 excitatosque

109 917 334 959 hostilium
355 918 526 971 fragore
548 932 763 958 armorum
784 918 881 958 dum
910 917 1077 971 gladios
1098 917 1457 970 circumspectant

111 980 154 1018 et
184 976 285 1029 tela,
317 975 513 1017 celeriter
545 976 755 1018 inuolauit
789 979 831 1017 et
852 976 1056 1030 quosdam
1084 975 1250 1028 occidit,
1282 976 1455 1016 orantes
1476 987 1511 1014 15
1565 986 1568 991 ·

111 1035 220 1076 alios
256 1034 543 1088 praedamque
582 1035 808 1076 offerentes
841 1034 1063 1076 dediticios
1102 1034 1227 1087 cepit,
1264 1032 1456 1087 reliquis,

112 1094 184 1148 qui
215 1107 472 1147 remansere,
504 1108 653 1146 pacem
686 1093 963 1147 precantibus
995 1092 1111 1133 dedit
1143 1092 1329 1146 quietem
1366 1090 1457 1145 pol-

111 1151 242 1193 licitis
274 1151 455 1193 firmam.

231 1209 274 1252 5.
312 1211 346 1251 1.
373 1210 490 1260 Quae
523 1210 622 1252 dum
656 1212 871 1253 mentibus
905 1213 1091 1265 aguntur
1123 1211 1287 1264 erectis,
1320 1208 1457 1251 conie-

112 1274 232 1311 ctans
266 1272 448 1324 quantas
487 1270 717 1311 intestinae
749 1270 883 1311 cladis
916 1270 1179 1311 excitauerat
1210 1268 1359 1322 moles,
1395 1267 1457 1309 111-
1475 1281 1510 1308 20

112 1328 258 1382 hilque
290 1331 381 1370 tam
414 1329 639 1370 conuenire
660 1329 884 1372 conatibus
918 1329 1072 1370 subitis
1106 1343 1234 1382 quam
1266 1327 1458 1368 celerita-
1566 1321 1569 1327 Α

113 1393 200 1428 tem
221 1387 366 1441 sagaci
387 1387 640 1440 praeuidens
662 1391 817 1441 mente,
843 1388 1035 1441 professa
1054 1387 1199 1441 palam
1219 1385 1455 1427 defectione

113 1460 157 1486 se
196 1445 399 1486 tutiorem
438 1445 527 1487 fore
567 1447 844 1500 existimauit,
882 1447 1153 1500 incertusque
1185 1445 1234 1486 de
1267 1444 1456 1485 militum

113 1504 206 1557 fide,
242 1504 413 1558 placata
445 1505 531 1546 ritu
563 1506 792 1546 secretiore
825 1505 1020 1558 Bellona,
1058 1503 1237 1545 classico
1277 1503 1329 1544 ad
1361 1516 1458 1544 con-

114 1563 275 1603 tionem
317 1563 505 1605 exercitu
547 1565 791 1617 conuocato,
833 1578 960 1605 saxeo
994 1565 1201 1617 suggestu
1242 1561 1458 1614 insistens,
1476 1573 1511 1599 2⁵

114 1621 297 1675 iamque,
329 1625 375 1662 ut
409 1622 658 1676 apparebat,
690 1622 887 1663 fidentior
908 1622 1013 1663 haec
1033 1621 1189 1662 clarius
1222 1620 1350 1662 solito
1376 1619 1458 1661 dis-

115 1679 309 1721 serebat:
1558 1664 1573 1735 5}

233 1738 271 1779 2.
303 1737 408 1779 ‘Iam
440 1739 596 1780 dudum
634 1739 767 1780 tacita
799 1739 1109 1780 deliberatione
1148 1753 1224 1780 uos
1264 1738 1458 1792 aestimo,

116 1796 262 1851 magni
296 1797 608 1851 conmilitones,
640 1800 859 1852 gestorum
881 1798 1043 1839 excitos
1064 1797 1344 1851 amplitudine
1376 1795 1458 1837 hoc

115 1855 273 1909 operiri
307 1856 533 1897 consilium
566 1859 614 1897 ut
645 1859 835 1910 euentus,
869 1857 938 1910 qui
973 1859 1209 1910 sperantur,
1252 1854 1457 1909 perpendi
1476 1866 1511 1893 so

115 1914 282 1967 possint
314 1917 357 1955 et
393 1915 652 1969 praecaueri.
714 1915 810 1969 plus
844 1915 956 1956 enim
996 1915 1140 1956 audire
1175 1929 1302 1969 quam
1339 1912 1458 1967 loqui

207 2074 221 2103 1
249 2066 441 2113 publicata
467 2070 499 2103 G
530 2070 734 2114 publicatio
766 2070 797 2104 V
823 2070 1012 2116 publicato
1038 2070 1121 2105 Pba
1212 2080 1258 2104 ne
1292 2067 1457 2103 conuitio

119 2114 263 2149 VGAP
355 2118 375 2149 3
400 2125 445 2148 ne
471 2115 505 2148 A
537 2114 573 2148 ni
605 2114 672 2149 VP
702 2116 744 2149 ut
774 2116 792 2149 b
907 2119 926 2149 6
953 2126 1036 2149 casu
1064 2115 1095 2149 G
1129 2125 1216 2149 easu
1247 2113 1314 2148 VP
1337 2123 1381 2148 eo
1413 2112 1458 2147 ba

114 2164 134 2194 9
169 2160 388 2194 Libinonem
421 2159 490 2193 GA
531 2159 709 2193 libinnem
746 2159 779 2194 V
820 2160 959 2194 ibinem
990 2160 1047 2194 Pb
1146 2164 1183 2193 11
1217 2157 1392 2202 superatu
1427 2156 1462 2191 V

118 2208 158 2238 14
183 2203 322 2249 flagore
354 2203 386 2236 V
483 2207 522 2237 16
548 2215 634 2247 -que
659 2214 725 2240 om.
758 2204 891 2249 VPbya
979 2204 1049 2239 *20
1073 2203 1197 2238 clades
1227 2202 1279 2243 V,
1350 2205 1393 2236 23
1417 2211 1456 2234 se

114 2249 291 2284 tutiorem
319 2248 353 2282 G
383 2248 608 2282 secueiorem
640 2248 671 2282 V
699 2249 922 2283 securiorem
952 2249 1009 2284 Pb
1100 2252 1143 2283 29
1168 2248 1355 2293 gestorum
1390 2244 1459 2280 VP

116 2304 239 2327 rerum
265 2294 453 2345 gestarum
480 2293 545 2337 bya
595 2294 733 2327 excitos
749 2294 782 2327 G
807 2294 989 2328 exercitos
1011 2292 1078 2328 VP
1092 2289 1389 2327 exercitatissimi
1413 2290 1459 2325 ba

115 2342 159 2372 30
177 2338 313 2383 operiri
332 2337 524 2372 consilium
543 2338 574 2371 G
593 2338 715 2382 operis
733 2337 927 2372 consilium
949 2337 1016 2372 VP
1033 2337 1154 2382 operis
1171 2334 1459 2372 consulturosba
