1573 2508
1370 0 1456 26 ”ss

92 63 174 106 132
581 59 684 95 XVII
710 63 762 103 ιο,
778 63 900 102 8-11,
925 63 945 94 5

88 155 351 210 inpensiore:
371 154 642 208 detentisque
662 153 862 208 plurimis
881 153 1067 194 reddidit
1079 167 1250 206 paucos.
1295 153 1334 195 8.
1355 167 1439 208 quo

89 214 264 269 cognito
284 213 337 255 ad
368 213 710 266 indignationem
742 212 901 253 iustam
920 210 1115 252 Iulianus
1136 214 1316 266 erectus,
1342 226 1441 254 cum

89 272 378 316 munerandus
410 271 601 312 uenisset
633 285 682 312 ex
722 284 852 336 more,
890 272 1094 323 quattuor
1126 270 1304 312 comites
1337 270 1440 325 eius,

90 346 272 387 quorum
311 344 389 383 ope
427 332 470 370 et
508 328 589 370 fide
627 329 812 370 maxime
843 327 1083 382 nitebatur,
1120 343 1208 370 non
1238 331 1338 370 ante
1369 329 1441 370 ab·
1531 375 1534 382 ¹

90 390 234 442 soluit,
273 388 374 429 dum
412 402 559 429 omnes
591 387 754 428 rediere
787 387 961 441 captiui.
1022 387 1061 428 9.
1094 386 1146 428 ad
1176 387 1476 442 colloquium⁶

90 422 263 490 tandein
294 447 456 488 accitus
489 462 514 487 a
547 445 731 488 Caesare
763 445 1049 487 trementibus
1089 445 1225 486 oculis
1263 445 1440 489 adorato

88 506 353 560 uictorisque
391 508 616 559 superatus
650 508 825 558 aspectu
864 504 1111 545 condicione
1151 503 1318 545 difficili
1349 519 1442 558 pre-

91 565 308 618 mebatur,
338 564 419 605 hac
452 564 617 605 scilicet
647 567 712 615 ut,
750 563 951 617 quoniam
984 565 1316 604 consentaneum
1348 566 1443 605 erat

89 626 189 678 post
226 626 293 665 tot
338 622 544 664 secundos
583 626 761 663 euentus
801 621 998 663 ciuitates
1039 636 1206 676 quoque
1252 621 1443 675 reparari

89 682 135 724 111
165 682 449 724 barbarorum
470 680 646 734 excisas,
679 684 880 734 carpenta
907 683 950 721 et
981 681 1184 722 materias
1206 695 1256 721 ex
1288 679 1442 734 opibus
1461 691 1494 717 ιο

90 741 180 782 suis
212 754 471 794 suorumque
503 739 746 794 praeberet:
786 741 828 780 et
865 738 971 780 haec
1001 739 1221 793 pollicitus
1254 738 1442 792 inpreca-

89 801 245 853 tusque
266 799 302 840 si
332 798 543 852 perfidum
556 798 793 863 ‘quicquam
814 798 984 852 egisset,
1016 797 1172 839 luenda
1191 797 1275 839 sibi
1294 811 1442 839 cruore

91 857 314 922 supplicia,
347 857 399 898 ad
418 857 593 910 propria
613 871 803 898 remeare
833 856 1067 911 peimissus
1089 859 1165 897 est.
1228 870 1442 898 annonam

91 915 206 956 enim
237 916 482 969 transferre,
513 915 577 956 ita
607 919 656 957 ut
689 915 951 969 Suomarius,
984 930 1033 956 ea
1064 929 1109 955 re
1141 914 1325 980 conpelli
1356 928 1444 956 non

90 974 246 1028 potuit,
290 974 402 1028 quod
448 974 499 1015 ad
550 974 877 1016 internicionem
921 974 1097 1027 regione
1141 973 1232 1015 eius
1270 975 1444 1014 uastata
1462 983 1496 1009 15

90 1032 203 1074 1111111
235 1032 419 1074 inueniri
450 1035 621 1086 poterat
654 1033 766 1087 quod
798 1033 983 1074 daretur.
1543 1032 1550 1038 ”

212 1091 278 1132 10.
315 1090 385 1132 Ita
427 1105 550 1145 reges
595 1091 662 1132 illi
700 1094 917 1132 tumentes
956 1091 1171 1145 quondam
1209 1090 1442 1132 inmaniter

91 1149 339 1204 rapinisque
376 1149 582 1190 ditescere
622 1150 790 1190 adsueti
826 1153 1074 1191 nostrorum
1112 1148 1330 1190 Romanae
1371 1162 1443 1202 po-

90 1207 254 1249 tentiae
285 1208 388 1262 iugo
422 1207 646 1249 subdidere
667 1208 780 1249 colla
810 1208 897 1248 iam
917 1207 1081 1249 domita
1107 1210 1150 1249 et
1181 1207 1301 1249 uelut
1333 1208 1445 1249 inter
1546 1247 1561 1264 ,ἲ

91 1266 347 1308 tributarios
378 1266 470 1307 nati
503 1269 546 1307 et
578 1266 746 1307 educati
778 1266 1124 1308 obsecundabant
1159 1266 1351 1321 imperiis
1383 1266 1444 1307 in-
1463 1276 1497 1302 80

93 1328 286 1379 grauate.
349 1325 503 1379 quibus
535 1324 617 1366 hoc
649 1324 775 1366 modo
807 1325 992 1378 peractis
1025 1325 1217 1379 disperso
1252 1339 1328 1379 per
1360 1326 1444 1366 sta-

91 1383 232 1425 tiones
265 1384 404 1424 milite
427 1386 651 1424 consuetas
673 1383 726 1424 ad
746 1383 926 1424 hiberna
946 1396 1168 1437 regressus
1189 1386 1254 1424 est
1274 1381 1445 1425 Caesar.

75 1494 78 1497 ¹
214 1440 286 1484 11.
325 1444 359 1483 1.
391 1442 510 1483 Haec
542 1457 636 1483 cum
669 1442 714 1483 111
745 1442 953 1483 comitatu
987 1441 1231 1484 Constantii
1264 1441 1444 1483 subinde

92 1504 371 1542 noscerentur
411 1526 466 1530 —
505 1504 598 1542 erat
642 1501 756 1542 enim
793 1515 964 1542 necesse
1009 1504 1232 1555 tamquam
1278 1499 1444 1554 appari·
1560 1544 1564 1558 ι

92 1562 235 1601 1010111
280 1558 508 1601 Caesarem
559 1574 686 1613 super
731 1560 930 1600 omnibus
975 1560 1110 1613 gestis
1155 1559 1208 1600 ad
1251 1558 1443 1612 Augusti
1463 1567 1497 1594 2⁵
1561 1594 1565 1607 ,

92 1618 252 1659 referre
285 1618 510 1659 scientiam
543 1643 597 1647 -
631 1632 778 1659 omnes
812 1618 885 1672 qui
918 1618 1015 1671 plus
1057 1620 1259 1672 poterant
1297 1617 1342 1658 in
1372 1631 1444 1671 pa-

94 1675 220 1729 latio,
259 1677 459 1718 adulandi
502 1677 764 1730 professores
805 1676 891 1717 iam
935 1676 1049 1718 docti
1088 1679 1203 1717 recte
1247 1675 1446 1717 consulta

93 1749 381 1789 prospereque
420 1736 619 1789 conpleta
656 1735 885 1776 ucrtebant
923 1735 967 1776 in
999 1735 1299 1777 deridiculum:
1337 1733 1445 1775 talia

95 1793 186 1834 sine
229 1793 355 1835 modo
401 1798 640 1848 strepentes
684 1793 845 1834 insulse
890 1793 953 1835 ‘in
994 1794 1140 1835 odium
1184 1793 1303 1835 uenit
1346 1806 1443 1834 cum

93 1851 290 1893 uictoriis
312 1853 399 1893 suis
421 1853 597 1906 capella,
628 1867 714 1894 11011
734 1852 879 1894 homo
912 1855 961 1893 ut
989 1851 1205 1894 hirsutum
1225 1851 1443 1893 Iulianum
1462 1861 1497 1888 80
1546 1880 1555 1887 -

93 1913 315 1964 carpentes
336 1912 687 1965 appellantesque
709 1911 933 1965 loquacem
964 1911 1130 1965 talpam
1163 1913 1205 1952 et
1239 1925 1444 1965 purpura·

94 1971 184 2010 tam
206 1969 376 2010 simiam
397 1973 440 2012 et
460 1969 722 2011 litterionem
745 1969 973 2011 Graecum:
1007 1973 1049 2011 et
1075 1969 1142 2011 his
1163 1969 1445 2023 congruentia

94 2026 283 2080 plurima
326 2043 459 2082 aeque
507 2032 555 2070 ut
603 2028 897 2070 tintilmabula
946 2028 1130 2083 principi
1180 2029 1443 2081 resonantes,
1552 2046 1573 2074 ff:

188 2133 200 2162 1
231 2129 436 2181 detensisq·
467 2130 502 2164 V
523 2130 713 2174 decentisq
718 2142 763 2164 ue
788 2131 825 2165 P
900 2136 920 2165 3
945 2131 1023 2165 cius
1048 2140 1113 2165 om.
1140 2131 1242 2175 Pbya
1317 2133 1338 2164 6
1362 2131 1442 2164 tan-

96 2172 181 2208 dem
205 2175 337 2217 scripsi
361 2176 484 2210 tamen
503 2175 605 2210 codd.
658 2142 851 2210 12q1uenda
870 2175 903 2210 G
921 2175 1085 2210 iubenda
1108 2175 1221 2210 VPba
1268 2178 1311 2209 24
1328 2184 1441 2218 appa-

95 2240 249 2275 ritorem
279 2241 382 2276 VAP
406 2252 471 2275 om.
496 2243 559 2287 νὸς
662 2246 704 2276 ‘27
730 2244 954 2286 professores
978 2243 1020 2276 in
1044 2252 1174 2287 m..:ar9
1197 2221 1356 2276 scientia
1370 2251 1442 2276 orm

96 2285 161 2329 qui
203 2285 287 2329 plus
322 2288 499 2330 poterant
539 2298 576 2321 m
611 2286 750 2331 palatio
795 2286 973 2321 adulandi
1012 2287 1237 2331 professores
1267 2285 1356 2321 add.
1396 2285 1443 2320 1⁷¹

96 2334 139 2364 33
163 2340 283 2374 aeque
308 2332 349 2364 ut
374 2331 626 2366 tintinnabula
650 2331 694 2365 R.
725 2331 844 2375 Unycr
868 2333 981 2375 atque
1007 2331 1224 2366 utinnacula
1251 2329 1319 2365 VP
1540 2257 1573 2508 ᾖ
