1614 2549
91 0 109 10 .⁷'
139 0 211 14 ';*‘*'

8 35 11 38 .
39 23 77 40 -,‘r

8 44 48 59 ,ῆι

33 62 41 69 ,

16 82 37 90 ,.

0 89 29 121 ΨΑ
359 84 704 142 CONSTANTIVS
727 105 791 140 ET
815 105 1047 141 IVLIANVS
1072 108 1138 141 356
1368 103 1423 146 85

72 205 121 245 ut
150 201 345 244 consciae
377 204 420 242 et
438 200 580 242 Dorus
602 199 775 241 euanuit
807 203 849 241 et
869 198 1133 241 Verissimus
1165 198 1265 239 ilico
1286 197 1423 238 tacuit

73 261 192 303 uelut
223 260 372 302 aulaeo
405 259 600 313 deposito
632 273 795 300 scenae.
848 269 850 271 “

191 319 232 361 7.
256 320 293 360 1.
318 318 460 360 Isdem
481 318 629 359 diebus
662 317 837 371 adlapso
858 331 1030 358 rumore
1051 315 1330 358 Constantius
1352 315 1422 356 do-

74 381 165 419 ctus
186 377 362 419 obsesso
383 376 495 431 apud
517 376 706 418 Senonas
729 375 902 417 Caesari
929 375 1136 416 auxilium
1155 389 1244 416 non
1267 373 1419 415 tulisse

37 452 53 477 5
72 436 341 490 Marcellum,
386 450 482 476 eum
521 438 789 476 sacramento
829 434 1019 475 solut-um
1057 434 1175 474 abire
1206 433 1334 474 iussit
1376 431 1423 473 in

73 495 219 536 larem.
261 495 334 549 qui
364 498 586 548 tamquam
617 494 774 535 iniuria
807 493 931 548 graui
962 492 1181 546 perculsus
1215 490 1422 545 quaedam

73 554 119 595 in
153 553 369 595 Iulianum
406 552 667 594 moliebatur
706 552 880 593 auribus
917 551 1107 605 Augusti
1151 550 1333 591 confisus
1377 550 1424 590 in

73 627 198 654 omne
228 612 478 666 patentibus
511 612 684 652 crimen.
745 612 784 651 2.
834 610 1013 664 ideoque
1048 624 1142 651 cum
1176 608 1425 661 discederet,

72 670 306 712 Eutherius
350 670 622 724 praepositus
668 669 854 711 cubiculi
898 669 1089 710 mittitur
1133 667 1283 709 statim
1325 668 1425 720 post

0 743 54 773 ,ιο
74 744 171 771 eum
208 729 349 783 siquid
385 729 557 770 finxerit
598 729 883 770 conuicturus.
944 742 1093 769 uerum
1131 727 1208 768 ille
1244 725 1325 767 hoc
1355 739 1427 766 ne-

74 789 210 830 sciens
241 802 342 829 mox
371 788 492 829 uenit
517 787 811 828 Mediolanum
843 790 1038 840 strepens
1072 789 1115 827 et
1145 784 1427 835 tumultuans,

73 850 122 888 ut
154 849 247 888 erat
277 846 499 888 uanidicus
526 849 569 887 et
601 846 762 888 amenti
793 846 982 899 propior,
1015 845 1224 886 admissus
1256 843 1303 884 in
1331 856 1427 883 con-

74 905 296 948 sistorium
326 905 541 946 Iulianum
574 908 622 946 ut
653 919 876 959 procacem
907 904 1143 957 insimulat,
1175 902 1345 956 iamque
1372 900 1426 941 ad

75 964 344 1019 euagandum
383 964 511 1005 altius
549 963 782 1005 ualidiores
827 963 912 1004 sibi
955 964 1107 1017 pinnas
1152 963 1319 1015 aptare:
1363 960 1427 1000 ita

0 1036 56 1062 115
76 1023 190 1064 enim
221 1037 317 1064 cum
348 1026 468 1064 motu
501 1022 685 1077 quodam
723 1022 912 1076 corporis
952 1021 1209 1076 loquebatur
1246 1018 1427 1073 ingenti.
1480 1040 1484 1043 ⁴

0 1087 1 1092 ’
75 1082 114 1124 3.
134 1081 239 1123 haec
259 1096 308 1123 eo
329 1081 519 1136 fingente
540 1082 739 1122 licentius
759 1080 994 1122 Eutherius
1015 1084 1063 1121 ut
1094 1078 1333 1134 postulauit
1365 1077 1426 1118 in-

75 1140 226 1182 ductus
259 1141 484 1195 iussusque
517 1140 637 1194 loqui
670 1140 783 1194 quod
813 1140 964 1193 uellet,
994 1138 1232 1180 uerecunde
1265 1140 1307 1178 et
1339 1150 1426 1177 mo-

76 1198 167 1240 dice
199 1199 323 1241 docet
353 1199 491 1241 uelari
521 1199 751 1240 ueritatem
773 1198 1027 1239 “mendaciis
1070 1197 1280 1251 magistro
1313 1195 1427 1237 enim

77 1272 311 1311 armorum,
348 1262 397 1299 ut
435 1258 704 1310 credebatru·,
744 1260 937 1299 cessante
976 1257 1192 1309 consultol
1215 1253 1429 1296 industria

20 1330 56 1356 20
75 1317 202 1371 uigili
235 1315 461 1358 Caesarem
494 1317 714 1358 obsessum
749 1316 860 1370 apud
893 1315 1083 1357 Senonas
1117 1315 1189 1355 diu
1218 1313 1427 1354 barbaros

74 1375 315 1429 reppulisse
359 1376 733 1429 apparitoremque
776 1375 908 1415 fidum
953 1374 1118 1415 auctori
1167 1387 1242 1414 suo
1290 1370 1429 1426 quoad

73 1434 232 1474 uixerit
262 1434 354 1475 fore
387 1434 583 1488 obligata
616 1434 778 1475 ceruice
812 1449 888 1475 sua
921 1432 1170 1487 spondebat.

192 1494 233 1533 4.
269 1492 355 1534 Res
393 1493 561 1534 monuit
600 1507 726 1546 super
757 1492 839 1534 hoc
872 1492 1019 1533 eodem
1049 1490 1259 1532 Eutherio
1293 1502 1429 1543 pauca

76 1551 296 1592 subserere
327 1552 513 1593 fortisan
543 1566 631 1593 non
662 1551 869 1592 credenda
903 1566 952 1592 ea
982 1565 1039 1605 re,
1073 1549 1196 1604 quod,
1229 1549 1265 1590 si
1284 1547 1429 1589 Numa

21 1623 56 1648 25
75 1609 315 1664 Pompilius
347 1610 416 1651 uel
438 1609 635 1652 Socrates
667 1610 781 1651 bona
813 1610 1022 1664 quaedam
1042 1609 1231 1650 dicerent
1263 1607 1314 1647 de
1337 1620 1429 1661 spa-

76 1668 184 1710 done
216 1669 427 1724 dictisque
464 1669 725 1723 religionum
758 1669 961 1710 adderent
999 1668 1144 1721 fidem,
1184 1682 1208 1709 a
1243 1665 1427 1707 ueritate

76 1727 305 1769 desciuisse
327 1728 630 1782 arguebantur.
675 1727 748 1769 sed
779 1729 892 1769 inter
923 1742 1073 1782 uepres
1106 1740 1231 1768 rosae
1251 1738 1429 1766 nascun-

74 1788 147 1827 tur
179 1789 220 1828 et
259 1787 373 1828 inter
410 1787 522 1828 feras
554 1801 642 1828 non
678 1787 823 1828 nullae
862 1787 1104 1828 mitescmit.
1164 1785 1310 1838 itaque
1343 1797 1430 1824 car-

75 1845 186 1898 ptim
218 1845 308 1887 eius
340 1846 585 1900 praecipua,
624 1860 731 1900 quae
770 1848 869 1886 sunt
907 1848 1128 1899 conperta,
1165 1841 1428 1884 monstrabo.

22 1917 58 1942 30
77 1903 116 1944 ὃ.
147 1907 274 1945 natus
306 1904 352 1945 in
370 1904 577 1946 Armenia
608 1905 816 1958 sanguine
843 1905 979 1945 libero
1002 1907 1235 1956 captusque
1257 1916 1281 1942 a
1300 1899 1430 1941 finiti-

76 1962 158 2002 mis
190 1961 390 2004 hostibus
430 1963 561 2004 etiam
598 1966 692 2004 tum
728 1963 934 2016 paruulus
973 1961 1204 2004 abstractis
1245 1958 1428 2014 geminis

75 2019 283 2062 Romanis
304 2022 617 2063 mercatoribus
637 2022 906 2063 uenundatus
923 2020 975 2062 ad
994 2020 1208 2074 palatium
1223 2017 1430 2060 Constan-

9 2088 15 2095 '
75 2079 160 2120 tini
191 2079 430 2121 deducitur:
462 2080 537 2121 ubi
567 2080 779 2134 paulatim
812 2080 1059 2121 adulescens
1081 2079 1294 2120 rationem
1312 2079 1428 2118 recte

108 2219 146 2241 ,25-

167 2256 188 2287 5
204 2252 307 2287 abire
327 2253 398 2287 GA
420 2253 560 2287 habere
582 2253 671 2287 VPb
717 2256 738 2288 8
756 2253 896 2288 crimen
911 2273 955 2278 —
973 2257 992 2287 9
1009 2252 1245 2296 praepositus
1266 2251 1430 2286 VGAPr

75 2306 143 2331 om.
156 2297 177 2332 b
225 2301 267 2332 12
279 2300 453 2343 proprior
469 2298 503 2331 V
548 2302 589 2333 18
601 2297 722 2332 uelari
738 2297 865 2333 V²GA
877 2297 1004 2332 uelare
1018 2297 1129 2332 V¹Pb
1175 2301 1218 2332 20
1232 2296 1296 2330 diu
1307 2299 1428 2331 trans-

70 2351 150 2385 pos.
176 2342 245 2387 bya
296 2347 340 2378 27
365 2353 406 2377 ar
433 2344 613 2378 uei-entur
639 2342 710 2377 ΘΑ
762 2347 805 2378 29
831 2343 910 2378 eius
935 2353 1002 2378 om.
1026 2342 1132 2387 qua
1179 2346 1222 2376 33
1246 2340 1429 2386 paulatim

79 2386 160 2430 [lac.
179 2389 224 2422 15
239 2387 326 2432 zita]
346 2398 413 2423 acu
431 2398 470 2423 es
488 2388 568 2433 [Zac.
587 2390 630 2423 11
648 2387 732 2432 litt]
749 2387 948 2423 irationem
970 2386 1039 2423 VP
1056 2386 1243 2432 suppleuit
1263 2385 1430 2421 Valesius

35 2488 82 2549 2:1²
