1573 2508
154 51 238 94 284
652 51 755 87 xxu
780 56 811 96 s,
838 55 962 96 48-9,
987 55 1008 88 8

157 148 199 187 et
230 159 400 199 paucos,
461 146 530 187 48.
564 145 765 200 quiequid
798 149 943 189 autem
963 146 1152 189 eiusdem
1183 148 1347 202 pontici
1379 149 1498 192 sinus

156 204 355 258 aquilone
397 203 587 245 caeditur
631 207 673 246 et
712 205 891 259 pruinis,
935 205 998 248 ita
1034 206 1344 261 perstringitur
1387 206 1499 263 gelu,

155 268 202 303 ut
234 277 310 303 nec
344 262 534 303 amnium
567 276 716 304 cursus
750 264 1018 305 subteruolui
1049 264 1275 306 credantur
1305 279 1384 308 nec
1424 280 1501 320 per

155 320 333 361 infidum
376 323 418 361 et
459 320 591 362 labile
634 321 774 363 solum
817 335 989 376 gressus
1029 321 1217 364 hominis
1258 324 1397 377 possit
1427 324 1499 367 uel

155 378 337 419 iumenti
357 378 532 433 firmari,
565 380 677 433 quod
696 380 852 421 uitium
872 395 1108 435 numquam
1135 395 1252 423 mare
1284 382 1499 425 sincerum
1517 396 1535 424 ο

157 436 228 476 sed
261 437 522 490 permixtum
556 439 677 492 aquis
711 439 889 480 amnicis
923 442 1120 493 temptat.
1153 463 1208 469 —
1242 440 1403 494 prolati
1423 440 1500 483 ali-

157 497 437 548 quantorsum
476 496 647 550 longius
687 512 815 551 quam
855 498 1134 551 sperabamus
1172 511 1403 552 pergamus
1447 498 1499 542 ad

156 553 335 607 reliqua.

273 612 341 653 49.
379 612 633 654 Accesserat
674 614 789 655 aliud
827 614 879 656 ad
917 614 1172 669 gaudiorum
1208 615 1502 669 praesentium

155 670 374 711 cumulum
413 671 484 712 diu
524 672 695 725 quidem
735 676 966 726 speratum,
1011 673 1083 714 sed
1121 673 1377 716 dilationum
1415 688 1535 716 ειη-ι

154 728 264 782 bage
297 729 513 782 mutiplici
545 733 743 771 tractum.
793 732 1039 773 iumtiatum
1073 735 1137 772 est
1158 733 1272 773 enim
1303 746 1378 786 per
1399 731 1503 787 Agi-

155 786 297 828 lonem
332 790 374 828 et
406 787 576 829 Iouium
616 793 765 841 postea
799 793 1071 843 quaestorem
1102 789 1330 844 Aquileiae
1362 790 1503 832 defen-

156 859 273 886 sores
316 845 525 899 longioris
565 847 722 888 obsidii
765 848 931 902 taedio,
976 848 1236 903 cognitoque
1276 847 1504 891 Constanti

155 917 342 957 excessu,
373 905 601 958 patefactis
633 906 772 958 portis
806 919 1001 960 egressos
1035 909 1230 948 auctores
1262 907 1502 961 prodidisse

155 962 393 1015 turbarum,
434 962 654 1017 isdemque
695 964 808 1005 uiuis
851 965 1025 1018 exustis,
1071 968 1117 1006 ut
1156 980 1286 1019 supra
1315 965 1502 1008 relatum

156 1022 231 1072 est,
264 1034 411 1061 omnes
445 1022 762 1063 concessionem
795 1023 1034 1076 inpetrasse
1067 1023 1321 1065 delictorum
1354 1027 1397 1065 et
1434 1039 1503 1066 ue-

154 1078 283 1119 niam.

274 1136 318 1177 9.
356 1138 390 1177 1.
422 1136 483 1178 At
514 1139 731 1192 prosperis
766 1139 957 1181 Iulianus
981 1139 1135 1181 elatior
1167 1140 1283 1182 ultra
1306 1140 1502 1183 homines

154 1195 240 1235 iam
263 1195 468 1249 spirabat,
488 1197 690 1249 periculis
713 1201 912 1252 expertus
933 1198 1135 1252 adsiduis,
1161 1199 1273 1253 quod
1295 1199 1333 1240 ei
1355 1199 1503 1242 orbem

153 1251 398 1295 Romanum
429 1254 595 1308 placide
628 1256 713 1296 iam
752 1257 920 1310 regenti
960 1257 1081 1298 uelut
1119 1257 1378 1299 mundanam
1416 1268 1537 1300 cor-2

153 1312 381 1365 nucopiam
425 1312 616 1354 Fortuna
660 1318 836 1368 gestans
881 1315 1071 1369 propitia
1116 1319 1269 1357 cuncta
1312 1316 1504 1370 gloriosa

154 1369 373 1411 deferebat
405 1374 447 1412 et
484 1386 699 1426 prospera,
739 1374 1001 1427 antegressis
1040 1374 1319 1415 uictoriarum
1359 1374 1502 1416 titulis

153 1427 258 1469 haec
297 1443 465 1483 quoque
504 1430 703 1485 adiciens,
749 1432 872 1486 quod,
917 1432 1018 1473 dum
1062 1435 1229 1474 teneret
1272 1433 1501 1487 imperium

154 1486 284 1539 solus,
316 1501 393 1528 nec
425 1489 615 1529 motibus
649 1490 829 1531 internis
864 1494 928 1531 est
961 1491 1152 1532 concitus
1185 1505 1261 1532 nec
1299 1491 1502 1533 barbaro-

153 1559 247 1586 rum
270 1546 496 1599 quisquam
530 1547 646 1588 ultra
677 1562 776 1589 suos
809 1549 984 1590 exsiluit
1015 1549 1140 1590 fines:
1172 1549 1320 1603 populi
1341 1563 1502 1604 omnes,

153 1603 363 1644 auiditate
397 1619 564 1658 semper
597 1606 832 1647 insectandi
865 1607 1101 1660 praeterita
1136 1611 1186 1649 ut
1217 1608 1423 1650 damnosa
1459 1611 1503 1650 et

151 1661 292 1713 noxia,
326 1662 370 1702 111
404 1662 549 1704 laudes
584 1664 673 1704 eius
707 1665 860 1705 studiis
894 1665 1015 1706 miris
1049 1666 1401 1708 accendebantur.

271 1720 308 1760 2.
342 1719 552 1762 Omnibus
591 1721 738 1775 igitur,
777 1737 884 1776 quae
923 1739 991 1764 res
1034 1724 1227 1765 diuersae
1265 1724 1503 1778 poscebant

152 1780 195 1818 et
227 1781 434 1833 tempora,
467 1794 675 1833 perpensa
709 1781 1017 1823 deliberatione
1050 1783 1284 1837 dispositiS‚
1315 1785 1358 1824 et
1390 1783 1502 1824 mili-

150 1836 269 1877 tibus
310 1837 579 1879 orationibus
618 1839 777 1880 crebris
817 1840 1115 1895 stipendioque
1153 1841 1398 1895 conpetenti
1447 1841 1501 1883 ad

152 1894 413 1947 expedienda
445 1896 678 1937 incidentia
709 1899 952 1952 promptius
993 1899 1210 1954 animatis,
1248 1902 1499 1942 cunctorum

151 1954 298 1993 fauore
345 1954 543 1995 sublimis
588 1955 866 1998 Antiochiam
910 1957 972 1998 ire
1017 1958 1276 1999 contendens
1321 1958 1500 2012 reliquit

152 2011 575 2066 Constantinopolim
609 2014 884 2056 incrementis
917 2016 1117 2057 maximis
1157 2017 1332 2058 fultam:
1369 2019 1499 2058 natus

243 2106 257 2135 1
291 2113 426 2146 paucos
456 2103 500 2147 by
529 2114 645 2147 panos
675 2103 758 2138 V¹P
788 2114 923 2148 paruos
954 2105 1034 2139 V²A
1129 2110 1169 2141 13
1195 2105 1401 2142 Constantii
1428 2106 1499 2142 GA

151 2147 353 2180 constantis
385 2147 472 2182 VPb
542 2152 582 2182 19
608 2160 623 2182 s
653 2148 775 2183 irabat
801 2149 870 2183 GA
896 2150 1071 2194 sperabat
1099 2150 1188 2186 VPb
1253 2151 1381 2186 orbem
1413 2151 1499 2186 V²A

150 2189 279 2224 urbem
313 2191 438 2235 V11'b51
531 2197 573 2226 ‘20
598 2204 621 2237 p
639 2193 743 2228 acide
769 2194 841 2227 iam
869 2194 901 2228 G
926 2194 1174 2238 placitaeiiam
1206 2195 1240 2230 V
1259 2195 1399 2240 placita.
1422 2197 1497 2232 iam

149 2234 207 2269 Pb
270 2239 312 2269 25
338 2238 376 2269 et
400 2236 528 2287 populi
558 2237 590 2270 G
675 2242 717 2271 26
743 2238 844 2271 auidi
869 2239 1039 2283 tempora
1063 2239 1236 2275 insectari
1267 2240 1499 2284 Hauptinse-

150 2279 371 2358 gtancflistGA
397 2281 568 2359 ipslectari
600 2281 688 2316 VPb
772 2287 814 2317 30
840 2283 1113 2328 suspendioque
1145 2284 1211 2320 VP
1295 2289 1338 2320 33
1363 2285 1498 2321 fultam

170 2334 217 2368 9η
258 2336 279 2357 u
316 2336 375 2358 11111
463 2328 484 2369 ¹,
