1573 2508
126 194 376 248 quaestione
408 191 625 246 praecepit
656 189 729 231 sed
762 189 983 230 absolutus
1016 190 1082 230 est
1107 188 1231 230 enixa
1263 187 1475 242 conspira-

125 253 243 294 tione
270 251 515 292 multorum.
565 263 794 303 suspensus
828 250 970 288 autem
989 246 1202 288 Eusebius
1235 261 1286 289 ex
1319 247 1475 288 comite

126 311 392 365 priuatarum
407 323 451 350 se
466 307 635 350 conscio
650 307 755 348 haec
768 306 933 347 dixerat
947 304 1171 347 concitata.
1192 306 1256 346 14.
1267 305 1473 347 Aedesius

128 370 239 410 enim
262 368 400 409 minus
434 367 564 408 scisse
589 365 688 421 quid
715 368 856 407 actum
889 365 946 406 sit
977 364 1186 418 pertinaci
1218 363 1474 406 infitiatione

128 427 386 469 contendens
419 425 527 467 abiit
565 424 762 466 innoxius
795 427 837 464 et
876 423 937 464 ita
968 423 1089 463 finito
1121 423 1294 477 negotio
1327 437 1474 465 omnes
1493 433 1512 459 ⁵

128 490 225 527 sinit
259 485 447 527 absoluti
468 498 573 539 quos
607 483 797 524 exhiberi
829 481 988 522 delatio
1010 481 1202 535 conpulit
1234 481 1475 524 criminosa.

126 544 366 599 Dynamius
398 557 498 584 uero
537 545 583 583 ut
624 541 856 595 praeclaris
895 540 1058 581 artibus
1098 540 1352 582 inlustratus
1380 553 1476 581 cum

129 603 379 644 correctoris
413 602 624 655 dignitate
657 613 805 654 regere
839 600 976 640 iussus
1010 601 1075 640 est
1108 598 1280 640 Tuscos.

250 661 316 703 15.
337 661 483 715 Agens
504 660 617 700 inter
636 659 741 700 haec
763 657 874 711 apud
888 657 1175 711 Agrippinam
1191 656 1390 699 Siluanus
1413 672 1475 698 as·
1547 683 1558 739 ἃ

130 720 345 774 siduisque
384 733 557 760 suorum
597 716 811 771 conpertis
849 716 1030 769 nuntiis,
1072 731 1179 770 quae
1211 715 1473 770 Apodemius
1495 726 1530 751 10

128 779 173 819 in
205 778 347 819 labem
381 791 552 818 suarum
585 779 734 831 ageret
765 775 1033 816 fortunarum
1065 778 1108 815 et
1129 775 1265 815 sciens
1286 774 1475 816 animum

128 842 325 878 tenerum
357 835 585 878 uei-sabilis
617 834 839 889 principis,
872 835 1016 875 timens
1034 846 1084 874 nc
1103 834 1374 875 trucidaretm·
1405 833 1476 874 ab·

131 910 227 937 sens
273 899 315 936 et
358 895 653 946 indamnatus,
695 893 740 934 in
783 892 1037 933 difficultate
1081 892 1246 945 positus
1291 892 1478 933 maxima

129 954 380 995 barbaricae
401 968 445 994 se
467 953 564 994 fidei
585 952 851 994 committere
873 950 1105 1005 cogita-bat.
1142 951 1204 991 16.
1232 950 1307 992 sed
1325 950 1476 992 Lanio-

131 1013 251 1067 gaiso
283 1015 469 1066 uetante,
501 1015 601 1053 tunc
634 1011 819 1063 tribuno,
852 1024 977 1064 quem
1009 1009 1108 1050 dum
1142 1009 1351 1050 militaret
1383 1024 1476 1051 can·
1497 1012 1538 1044 15v

129 1071 298 1112 didatus
333 1070 484 1118 solum,
505 1070 690 1111 adfuisse
724 1069 930 1110 morituro
965 1068 1190 1109 Constanti
1229 1083 1359 1122 supra
1394 1071 1478 1110 ret·
1555 1073 1558 1078 ’

128 1129 324 1182 tulimus,
368 1129 630 1183 docenteque
668 1127 876 1181 Francos,
920 1127 1028 1168 unde
1070 1126 1306 1181 oriebatur,
1349 1127 1478 1168 inter-

130 1188 321 1229 fecturos
361 1202 456 1229 eum
496 1190 569 1228 aut
607 1188 780 1240 accepto
826 1185 1015 1240 praemio
1060 1185 1324 1238 prodituros,
1366 1185 1477 1226 nihil

129 1250 270 1288 tutum
304 1261 353 1287 ex
386 1245 688 1300 praesentibus
722 1247 840 1286 ratus
873 1244 918 1285 in
950 1244 1129 1285 consilia
1155 1243 1390 1298 cogebatur
1410 1259 1477 1285 ex·
1533 1293 1538 1297 ⁴

130 1309 271 1347 trema
303 1308 344 1346 et
379 1305 537 1346 sensim
564 1319 658 1345 cum
690 1303 997 1357 principiorum
1018 1302 1251 1344 uerticibus
1273 1302 1476 1344 secretius
1497 1301 1559 1360 20'}

131 1364 381 1405 conlocutus
420 1363 638 1417 isdemque
671 1361 965 1416 magnitudine
1003 1361 1238 1415 promissae
1272 1361 1478 1403 mercedis
1550 1365 1558 1373 '‘

131 1422 340 1476 accensis,
386 1422 503 1463 cultu
546 1435 758 1475 purpureo
803 1436 828 1461 a
871 1420 1100 1461 draconum
1139 1423 1181 1460 et
1222 1419 1479 1461 uexillorum

130 1481 374 1535 insignibus
415 1480 465 1522 ad
505 1484 673 1534 tempus
712 1479 930 1520 abstracto
969 1478 1020 1519 ad
1053 1478 1221 1519 culmen
1257 1478 1479 1532 imperiale

132 1540 328 1580 surrexit.

254 1599 318 1639 17.
338 1597 536 1651 Dumque
556 1597 661 1638 haec
683 1599 869 1650 aguntur
888 1596 934 1636 in
949 1594 1116 1648 Galliis,
1136 1594 1188 1636 ad
1203 1610 1399 1636 occasum
1419 1595 1479 1636 in-
1500 1603 1538 1631 25
1552 1592 1559 1643 s

133 1657 294 1698 clinato
327 1656 413 1697 iam
446 1655 513 1696 die
539 1656 753 1709 perfertur
772 1654 1063 1695 Mediolanum
1083 1653 1358 1707 insperabilis
1378 1668 1481 1695 nun·

129 1715 216 1757 tius
249 1719 394 1769 aperte
417 1713 639 1755 Siluanum
671 1714 981 1766 demonstrans,
1013 1712 1111 1753 dum
1144 1727 1194 1753 ex
1227 1712 1480 1767 magisterio

132 1773 325 1827 peditum
359 1772 487 1814 altius
520 1772 685 1826 nititur,
717 1772 951 1813 sollicitato
973 1770 1159 1812 exercitu
1180 1770 1231 1812 ad
1253 1773 1482 1825 augustum

125 101 181 142 56
663 95 730 131 xv
755 100 787 138 5,
814 97 945 130 ιιι-«11
1526 0 1559 479 35

1546 1202 1561 1249 3

1546 1479 1563 1518 -Qn

131 1832 301 1874 culmen
320 1835 529 1873 enectum.
566 1831 630 1873 18.
651 1831 730 1872 hac
751 1830 863 1871 mole
885 1845 1006 1871 casus
1039 1829 1203 1883 inopini
1224 1827 1480 1871 Constantio
1544 1869 1557 1882 „

130 1892 217 1932 icto
251 1891 372 1945 quasi
411 1890 587 1931 fulmine
626 1889 705 1930 fati
744 1889 948 1943 primates
988 1887 1167 1929 consilio
1207 1888 1391 1930 secunda
1421 1887 1480 1929 ui·
1499 1886 1558 1942 ³⁰1⁵

133 1950 237 2003 gilia
270 1951 505 1990 conuocato
538 1950 823 2002 properarunt
843 1961 990 1988 omnes
1010 1947 1054 1987 111
1073 1946 1250 2001 regiam.
1301 1960 1479 2001 cumque
1544 1959 1546 1961 ’

130 2008 239 2049 1111111
273 2007 324 2048 ad
359 2007 602 2061 eligendum
635 2006 735 2060 quid
768 2006 839 2060 agi
870 2005 1062 2059 deberet,
1102 2019 1222 2046 mens
1254 2007 1480 2059 suppetere

131 2070 281 2120 posset
326 2069 399 2107 aut
445 2065 613 2119 lingua,
658 2065 883 2106 submissis
924 2064 1066 2105 uerbis
1110 2063 1483 2118 perstringebatur

1169 2126 1183 2140 0

222 2196 242 2225 4
275 2192 396 2225 minus
434 2190 545 2225 VPba
582 2201 643 2225 ne·
676 2190 708 2223 G
801 2194 822 2225 8
884 2193 935 2224 ost
967 2188 1104 2224 Tuscos
1136 2189 1202 2224 lac.
1238 2193 1279 2224 18
1309 2188 1380 2224 liu.
1414 2187 1484 2223 VP

130 2241 178 2272 12
203 2236 382 2281 principis
407 2235 486 2280 [lac.
515 2240 554 2270 15
579 2235 662 2279 lita]
688 2236 814 2269 aretur
874 2235 910 2268 P
939 2233 1090 2278 (timens
1115 2244 1161 2268 ne
1187 2234 1255 2278 hya
1278 2232 1482 2268 trucidare-

131 2284 193 2316 tur
220 2281 450 2323 Gronouius)
522 2283 562 2314 16
587 2290 699 2324 supra
723 2279 790 2323 bya
814 2279 946 2324 supple
976 2277 1043 2313 VP
1118 2282 1158 2313 19
1183 2277 1390 2324 cogebatur
1413 2277 1484 2322 boa

134 2336 177 2360 co
209 2325 372 2361 'tabatur
402 2324 433 2358 V
461 2323 675 2369 agitabatur
705 2323 880 2368 Eyssenh.
973 2327 1016 2357 20
1046 2322 1223 2358 secretius
1258 2322 1291 2357 G
1321 2321 1483 2357 erectius
1552 2331 1559 2370 ².

136 2370 170 2405 V
207 2371 251 2406 ba
343 2373 386 2405 22
411 2369 550 2404 accusis
580 2368 647 2403 VP
738 2373 781 2403 30
805 2368 877 2402 icto
906 2368 938 2402 G
963 2368 1043 2412 ipso
1073 2366 1186 2402 VPba
1542 2378 1562 2508 ὅ
