1573 2508
129 93 212 134 272
627 89 730 124 XXII
755 93 786 131 6,
811 92 913 132 2—7‚
939 93 960 124 τ

131 200 262 237 scere,
296 185 331 225 si
353 184 599 238 conpulsori
620 183 849 238 quicquam
881 183 1059 237 dederit,
1090 186 1140 225 ut
1165 183 1302 225 leuari
1321 182 1471 225 debito

128 244 278 299 possit,
322 243 391 284 uel
430 245 542 283 certe
587 241 852 283 commodius
896 256 971 296 per
1011 242 1261 284 dilationem
1306 241 1477 294 inferre,

130 317 238 357 quae
271 301 534 355 flagitantur,
567 303 642 342 aut
674 300 864 341 criminis
896 300 1062 341 uitandi
1093 300 1333 354 formidine,
1371 299 1477 341 diui-

130 364 194 402 tes
228 359 507 413 pecuniarum
538 359 870 413 repetundarum
902 359 1182 413 interrogare.
1242 359 1282 400 2.
1312 358 1358 400 hi
1390 372 1477 400 om-

128 433 204 460 nes
230 418 398 460 densati
429 419 476 459 in
512 432 656 471 unum,
698 417 935 471 principem
978 418 1120 471 ipsum
1158 421 1201 458 et
1238 417 1476 471 praefectos
1496 426 1514 452 δ

129 477 348 532 praetorio
391 476 664 531 graculorum
702 490 819 517 more
859 478 1096 532 strepentes
1142 475 1478 529 interpellabant

132 535 362 589 incondite,
382 534 507 576 modo
523 549 609 576 non
624 537 722 576 ante
744 535 1141 589 septuagensimum
1163 549 1321 575 annum
1341 536 1480 575 extor-

133 597 311 649 quentes
345 608 453 648 quae
486 594 650 634 dedisse
684 608 728 634 se
759 593 852 634 iure
884 593 953 634 uel
986 607 1106 634 secus
1139 593 1336 647 plurimis
1357 592 1480 634 adfir-

130 653 320 694 mabant.
383 653 421 693 3.
441 667 620 707 cumque
639 651 750 693 nihil
771 651 886 693 aliud
907 653 979 706 agi
998 652 1310 705 permitterent,
1341 651 1479 692 edicto

130 712 353 766 proposito
386 711 609 752 uniuersos
649 711 775 751 iussit
812 711 998 752 transire
1037 709 1320 764 Chalcedona,
1356 709 1481 764 polli-
1500 720 1534 745 1⁰

132 770 242 811 citus
277 768 388 825 quod
420 770 511 823 ipse
534 784 701 824 quoque
733 769 931 823 protinus
951 769 1129 822 ueniret,
1161 771 1315 810 cuncta
1334 782 1481 810 eorum

132 828 308 882 negotia
352 829 563 870 finiturus.
624 829 664 869 4.
709 828 862 882 quibus
906 827 1189 883 transgressis
1234 826 1482 869 mandatum

134 891 199 929 est
231 887 506 941 nauigioriun
538 887 759 941 magistris
788 886 905 928 ultro
926 887 1119 941 citroque
1139 886 1482 940 discurrentium,

131 946 283 1000 nequis
316 945 595 987 transfretare
629 945 803 986 auderet
830 945 1107 1000 Aegyptium,
1144 944 1309 999 hocque
1341 944 1483 986 obser-

131 1008 232 1046 uato
280 1018 381 1045 cura
418 1005 691 1058 perpensiore
737 1004 910 1045 euanuit
952 1004 1151 1058 pertinax
1195 1002 1483 1045 calumniandi
1502 1012 1535 1038 15
1572 1032 1573 1038 η

132 1063 415 1117 propositum,
455 1066 497 1103 et
529 1077 675 1103 omnes
710 1077 783 1116 spe
815 1065 1091 1116 praesumpta
1122 1062 1320 1103 frustrati
1352 1061 1482 1103 redie-

131 1125 232 1162 rimt
263 1121 316 1162 ad
350 1121 475 1162 lares.
537 1122 576 1162 5.
607 1121 717 1162 unde
756 1121 875 1162 uelut
913 1121 1128 1175 aequitate
1168 1121 1263 1174 ipsa
1294 1120 1482 1162 dictante

134 1180 204 1221 lex
244 1182 309 1220 est
352 1180 639 1234 promulgata,
684 1195 768 1234 qua
806 1183 979 1221 cauetur
1010 1179 1177 1220 nullum
1215 1178 1483 1233 interpellari

133 1239 461 1292 suffragatorem
494 1253 621 1292 super
652 1238 720 1279 his
742 1252 849 1292 quae
876 1252 972 1280 eum
997 1242 1112 1279 recte
1145 1238 1388 1279 constiterit
1419 1251 1484 1280 ac-

133 1297 308 1351 cepisse.
1502 1308 1536 1333 20

254 1355 293 1396 7.
331 1357 366 1397 1.
398 1355 591 1409 Adlapso
624 1356 769 1410 itaque
791 1356 1077 1397 Calendarum
1097 1354 1394 1397 Ianuariarum
1417 1354 1484 1396 die

134 1429 231 1456 cum
263 1414 512 1456 Mamertini
546 1418 588 1455 et
607 1414 812 1456 Neuittae
839 1415 1016 1456 nomina
1047 1414 1335 1468 suscepissent
1366 1413 1485 1468 pagi-

132 1488 212 1514 nae
246 1474 504 1526 consulares,
535 1473 740 1514 humilior
770 1474 968 1527 princeps
1001 1473 1118 1514 uisus
1151 1475 1229 1526 est,
1265 1472 1311 1513 in
1343 1472 1484 1513 officio

133 1532 314 1586 pedibus
365 1532 598 1587 gradiendo
650 1547 745 1574 cum
796 1532 1038 1585 honoratis,
1089 1531 1201 1585 quod
1251 1530 1484 1572 laudabant

134 1590 221 1643 alii,
253 1591 426 1644 quidam
458 1594 505 1632 ut
537 1590 798 1632 adfectatum
831 1594 874 1632 et
905 1591 992 1632 uile
1025 1590 1269 1644 carpebant.
1326 1590 1365 1630 2.
1385 1589 1482 1631 dein
1502 1600 1536 1627 25

133 1648 393 1690 Mamertino
426 1649 549 1690 ludos
583 1649 731 1690 edente
765 1650 986 1702 circenses,
1019 1663 1146 1690 manu
1179 1648 1401 1690 mittendis
1434 1662 1485 1689 ex

135 1722 253 1749 more
285 1708 470 1749 inductis
508 1723 583 1762 per
622 1709 931 1749 admissionum
964 1708 1222 1762 proximum,
1260 1707 1350 1762 ipse
1388 1706 1484 1761 lege

135 1767 206 1820 agi
239 1766 417 1820 dixerat,
450 1770 496 1807 ut
529 1766 707 1819 solebat,
741 1767 973 1821 statimque
1007 1766 1250 1807 admonitus
1290 1765 1395 1807 iuris
1426 1765 1485 1806 di-

135 1825 321 1866 ctionem
354 1840 402 1866 eo
436 1825 502 1865 dic
536 1825 589 1866 ad
621 1825 805 1867 alterum
837 1826 1062 1879 pertinere,
1102 1827 1149 1866 ut¹
1181 1827 1322 1865 errato
1356 1824 1485 1865 obno-

134 1884 254 1924 xium
287 1884 431 1925 decem
464 1884 587 1924 libris
621 1885 713 1925 auri
748 1887 883 1925 semet
916 1885 1006 1938 ipse
1039 1883 1254 1924 multauit.
1504 1894 1539 1920 80

229 2060 248 2089 52
275 2056 494 2091 dilationem
528 2058 595 2100 baa
620 2057 857 2108 dilectionem
893 2057 957 2091 1⁷12
1029 2061 1068 2107 '4
1100 2056 1391 2107 repetundarum
1420 2056 1486 2101 bya

137 2100 355 2179 ἒίῗέἷῆἓέἒι
370 2101 768 2181 ὺνῗηῃωὸρέιῖῗῗέῗι,
788 2113 823 2179 ’Σ
851 2101 1156 2186 έίηέἒέιῗῑὲῖἕῖὶ
1188 2099 1489 2180 ἱζοέἱξῖἕωῗῃᾼῡῖ

137 2157 374 2241 eragnIloran
408 2158 696 2233 Vlcragulorum
722 2157 791 2225 Py
819 2196 855 2225 11
884 2175 1012 2225 fieniet
1035 2157 1196 2225 cumbi?
1212 2168 1278 2225 {71⁷³
1342 2194 1382 2224 12
1407 2189 1486 2224 fini-

135 2235 241 2268 turus
268 2235 300 2266 (ι’
326 2236 470 2268 tuturus
502 2233 568 2270 VJ»
664 2240 702 2270 17
728 2236 775 2270 ad
808 2235 910 2270 VAP
939 2236 976 2270 iu
1009 2236 1054 2280 bg]
1145 2239 1188 2269 26
1213 2246 1258 2270 ex
1289 2245 1390 2270 more
1418 2235 1488 2270 GA

137 2289 183 2313 ex
208 2289 313 2312 muro
346 2279 377 2312 V
400 2290 443 2313 ex
476 2280 573 2314 mole
605 2281 624 2314 b
716 2284 758 2314 ‘28
791 2280 938 2315 dixerat
970 2280 1003 2315 G
1033 2280 1164 2314 ductus
1196 2279 1342 2315 dixerat
1376 2279 1488 2315 VPba

137 2328 182 2357 30
207 2323 336 2358 decem
374 2323 477 2357 libris
509 2325 587 2358 auri
625 2327 745 2359 semet
780 2325 859 2369 ipse
884 2325 1062 2360 multauit
1092 2324 1258 2359 Valesius
1281 2324 1488 2360 decembris

141 2378 311 2402 aurorem
339 2369 448 2411 (-ram
473 2369 590 2412 Phua)
616 2370 655 2403 ct
679 2370 756 2413 ipse
783 2370 946 2404 mutauit
975 2369 1112 2414 Vqua
