1573 2508
136 52 184 87 VI
191 52 222 87 11
709 47 995 88 PRAEFATIO.

134 146 249 188 mani
281 145 483 187 recitasse
522 144 657 186 docet.
719 143 800 185 Sed
833 143 1036 198 quoniam
1072 143 1177 184 haec
1216 142 1404 198 epistola
1433 144 1477 184 et

134 204 279 247 laudes
324 203 565 245 Marcellini
610 202 765 256 nostri,
815 205 858 243 et
901 201 988 243 alia
1031 201 1239 256 quaedam
1289 201 1339 242 de
1382 201 1477 255 ipso

134 263 373 304 necessaria
414 262 524 303 scitu
563 261 772 314 continet,
811 275 964 314 operae
1002 259 1188 314 pretium
1227 259 1346 313 duxi,
1384 273 1477 300 eam

135 322 203 363 hic
237 322 451 374 integram
484 335 532 361 ex
567 320 709 360 codice
741 318 1042 360 Bibliothecae
1070 318 1233 372 Regiae
1266 331 1479 372 apponere

137 379 237 431 [ΝΥ.
270 380 399 429 9831:

255 438 563 478 ΛΙΒΑΝΙΟΣ
592 437 1019 477 ΜΑΡΚΕΛΛΙΝΩ.

254 494 342 536 Καὶ
375 493 420 536 σὲ
455 495 564 548 ζηλῶ
597 495 676 536 τοῦ
701 491 880 548 Ῥώμην
912 495 1040 547 ἔχειν,
1071 489 1279 547 κάκείνην
1309 493 1390 534 τοῦ
1420 503 1482 535 σε.

137 552 194 596 σὺ
230 552 311 608 μὲν
350 551 433 622 γὰρ
471 555 581 607 ἔχεις
618 545 651 609 ᾦ
688 553 777 594 τῶν
816 552 864 593 ἐν
902 553 956 607 γῆ
995 549 1302 606 παραπλήσιον
1334 546 1482 594 οὐδέν.

139 610 162 666 ἡ
196 610 243 654 ὁὲ
281 612 370 654 τῶν
402 611 557 681 ἑαυτῆς
575 597 788 661 πόλιτῶν,
820 605 887 660 οἷς
905 608 1118 664 πρόγονοι
1146 611 1368 664 δαίμονες,
1401 604 1483 664 οὐχ

140 668 335 723 ὕστερον.
396 663 451 724 ἦν
488 668 569 724 μὲν
601 663 683 710 οὖν
715 666 770 723 ὁή
803 681 874 710 σοι
904 668 1029 723 μέγα,
1061 667 1131 710 καὶ
1163 666 1211 709 τὸ
1233 665 1339 723 μετὰ
1359 668 1484 722 σιγῆς

138 729 186 771 ἐν
216 745 267 784 τη
298 745 477 783 τοιαυτῃ
500 725 684 781 ὄιαγειν,
716 726 787 769 καὶ
819 725 868 769 τὸ
901 725 1061 781 λόγους
1092 723 1159 768 ὑπ’
1183 724 1330 768 ἄλλων
1361 729 1483 780 λεγο-

137 786 298 842 μένους
331 786 549 840 δέχεσθαι.
581 783 772 835 πολλοὺς
803 784 850 827 ὁὲ
883 782 909 839 ἡ
935 782 1085 856 Ῥώμη
1117 784 1266 854 τρέφει
1294 782 1484 839 ῥήτορας

137 843 365 915 πατράσιν
379 841 752 894 ἀκολουθοῦντας.
813 846 898 886 νῦν
919 840 954 885 6'
961 840 1019 893 ὡς
1039 846 1158 885 ἐστιν
1190 840 1371 885 ἀκούειν
1394 844 1485 885 τῶν

139 903 311 946 ἐκεῖθεν
342 900 699 957 ἀφικνουμένων,
738 899 869 952 αὐτὸς
906 899 1012 957 ἡμῖν
1045 902 1093 944 έν
1132 901 1359 952 ἐπιδείξεσι
1390 909 1485 951 ταῖς

138 978 219 1017 μεν
256 961 460 1016 γέγονας,
498 969 591 1011 ταῖς
629 960 676 1002 ὀε
709 963 808 1017 ἔσῃ,
846 962 922 1015 τῆς
959 961 1218 1015 συγγραφῆς
1252 961 1314 1010 εἰς
1343 957 1484 1002 πολλὰ

138 1020 425 1075 τετμημένης,
474 1019 545 1061 καὶ
595 1021 677 1061 τοῦ
725 1019 943 1088 φανέντος
992 1018 1303 1068 ἐπαινεθέντος
1355 1017 1486 1089 μέρος

139 1078 290 1133 ἕτερον
334 1080 650 1128 εἰςκαλοῦντος.
712 1075 859 1120 ἀκούω
905 1076 951 1119 δὲ
996 1076 1078 1132 τὴν
1115 1075 1295 1132 “Ρω’μην
1345 1073 1486 1131 αὐτὴν

140 1138 392 1191 στεφανοῦν
430 1149 498 1179 σοι
537 1134 616 1178 τὸν
653 1135 815 1185 πόνον,
853 1135 923 1178 καὶ
968 1141 1144 1178 κεῖσθαι
1167 1138 1336 1207 ψῆφον
1374 1132 1486 1192 αὐτῇ

139 1197 228 1238 τῶν
276 1194 358 1250 μὲν
408 1207 454 1237 σε
510 1194 840 1250 κεκρατηκέναι,
889 1195 979 1236 τῶν
1028 1193 1076 1236 δε
1127 1191 1207 1249 οὐχ
1257 1191 1487 1264 ἡττῆσθαι.

139 1253 262 1324 ταυτὶ
305 1251 351 1295 ὁε
391 1250 445 1295 οὐ
482 1251 561 1295 τὸν
599 1252 856 1308 συγγραφέα
893 1261 1050 1322 κοσμεῖ
1084 1251 1239 1308 μόνον,
1272 1249 1382 1294 ἀλλὰ
1413 1251 1487 1295 καὶ

143 1309 254 1368 ἡμᾶς
284 1329 348 1354 ων
381 1311 499 1354 ἐστιν
531 1309 553 1354 ὁ
587 1310 879 1365 συγγραφεύς.
941 1328 999 1366 μη
1033 1309 1087 1366 δὴ
1120 1310 1267 1367 παύσῃ
1305 1312 1488 1354 τοιαῦτα

142 1370 387 1420 συντιθεὶς,
425 1370 496 1412 καὶ
529 1372 730 1440 κομίζων
752 1370 923 1412 ἐκεῖθεν
961 1372 1023 1419 εἰς
1060 1368 1326 1424 συλλόγους,
1376 1367 1487 1425 μηδὲ

141 1427 280 1485 κάμης
299 1427 645 1498 θαυμαζόμενος.
707 1425 796 1470 αλλ’
828 1425 960 1478 αὐτός
990 1444 1033 1470 τε
1060 1431 1218 1482 γίγνου
1250 1426 1487 1483 λαμπρότε-

143 1503 233 1558 ρος,
276 1487 348 1529 καὶ
395 1484 498 1543 ἡμῖν
539 1488 669 1529 τοῦτο
715 1488 858 1529 6t'6o.v
927 1487 1133 1529 τοιοῦτον
1182 1485 1265 1541 γὰρ
1309 1489 1489 1542 πολίτης

142 1542 414 1604 εὐδοκιμῶν
428 1553 584 1600 κοσμεῖ
618 1553 709 1595 τοῖς
747 1543 883 1588 αὑτοῦ
919 1543 1001 1600 τὴν
1038 1543 1169 1588 πόλιν
1193 1543 1283 1615 τὴν
1315 1544 1490 1590 εαυτοῦ.

143 1601 200 1646 σὺ
238 1620 318 1659 μεν
363 1605 446 1646 οὐν
490 1604 538 1646 ἐν
574 1602 792 1654 τοιούτοις
830 1609 931 1658 εἰ’.ης
1017 1601 1124 1658 ἡμῖν
1162 1600 1201 1646 6’
1245 1603 1294 1646 ἐν
1331 1604 1488 1647 πένθει

142 1661 360 1717 κειμένοις
391 1665 431 1704 εἰ
472 1661 530 1717 μή
574 1679 638 1712 τις
680 1664 802 1704 θεῶν
820 1659 1045 1720 αμύνοιε,
1090 1659 1171 1704 οὐκ
1220 1659 1317 1704 ἔσθ’
1371 1660 1490 1714 ὅπως

145 1725 334 1791 οἴσομεν.
397 1718 445 1771 ὃς
464 1737 547 1775 γαρ
569 1719 623 1775 ὀὴ
655 1719 793 1775 μόνος
812 1722 867 1776 ὴν
891 1718 995 1776 ἡμῖν
1015 1718 1069 1763 οὐ
1094 1719 1227 1770 κακὸς
1252 1720 1299 1763 ἐκ
1325 1719 1491 1776 μητρὸς

144 1776 336 1834 αγαθῆς,
369 1778 501 1834 εἰμὴ
541 1779 608 1820 καὶ
651 1778 908 1833 ἐλευθέρας,
953 1784 1114 1834 οῖ’χεται
1159 1779 1231 1821 καὶ
1275 1779 1489 1823 τέθαπται

144 1836 259 1893 λύπῃ
291 1836 569 1892 τελευτήσας,
602 1842 680 1879 etc.
721 1863 768 1868 —
807 1864 860 1868 —

274 1897 392 1939 Haec
437 1897 621 1951 insignis
672 1898 856 1951 epistola
901 1912 986 1938 non
1030 1897 1109 1938 hoe
1161 1900 1331 1939 tantum
1376 1898 1490 1953 quod

145 1956 406 1997 intendimus
445 1956 617 2010 proba‘c3
670 1956 741 1997 sed
786 1959 1007 2010 praeterea
1056 1956 1178 1997 docet
1210 1956 1489 1998 Ammianum

146 2013 460 2067 Marcellinum,
493 2014 604 2068 quod
638 2015 682 2055 in
713 2014 925 2069 principio
957 2014 1161 2068 dixeram,
1193 2014 1318 2056 domo
1339 2014 1489 2057 Antio-

147 2072 344 2113 chensem
390 2073 534 2114 fuisso.
614 2073 693 2114 Est
739 2077 852 2114 certe
895 2073 1173 2114 Marcellinus
1223 2073 1268 2114 in
1318 2073 1489 2116 laudem

146 2130 403 2172 Antiochiae
430 2131 691 2185 propensior,
722 2146 797 2173 nee
819 2132 904 2173 fere
925 2146 1129 2185 umquam
1162 2131 1212 2172 de
1233 2146 1283 2172 ea
1314 2132 1489 2174 civitate

147 2189 229 2230 nisi
269 2190 468 2231 adiuncto
501 2190 642 2241 elogio
676 2191 877 2244 loquitur.
939 2189 1051 2232 Hine
1090 2190 1221 2231 etiam
1260 2194 1337 2243 est,
1377 2190 1489 2245 quod

147 2247 459 2289 Antiochenses
493 2249 604 2289 male
637 2253 833 2302 acceptos
866 2249 1216 2303 proscriptosque
1259 2264 1282 2289 a
1320 2248 1489 2291 Iuliano

146 2305 191 2347 in
236 2322 284 2347 eo
332 2307 563 2361 volmuinv,
605 2307 716 2361 quod
755 2304 1072 2360 Mmomo'ycovcc
1110 2307 1364 2362 appellauit,
1395 2308 1489 2362 ipse
