1573 2508
148 73 231 115 252
621 71 705 107 XXI
732 77 784 115 12,
813 75 955 114 111-13,
981 76 1001 107 3

148 169 388 223 replicaret.
454 168 519 207 19.
551 166 618 207 his
652 166 810 208 auditis
842 181 893 208 ex
925 167 1127 208 diuturno
1159 179 1318 221 angore
1355 167 1492 222 portis

148 227 327 269 reclusis
360 240 507 267 omnes
540 225 660 266 effusi
694 239 915 279 suscepere
948 225 1052 266 laeti
1083 225 1308 279 pacificum
1328 226 1491 281 ducem,

150 301 277 340 seque
322 286 557 339 purgantes
601 283 835 337 Nigrinum
885 284 1019 325 totius
1067 283 1224 325 furoris
1274 287 1493 327 auctorem

148 358 390 399 paucosque
435 343 543 384 alios
588 342 856 396 obtulerunt,
906 356 1051 384 eorum
1097 342 1306 397 supplicio
1351 343 1493 386 laesae

149 403 330 444 crimina
361 401 601 443 maiestatis
634 406 677 442 et
707 401 827 442 urbis
860 415 1084 442 aerumnas
1123 401 1285 455 expiari
1321 416 1494 456 poscen-

148 466 225 503 tes.
288 461 355 502 20.
388 460 535 515 paucis
567 459 747 514 denique
785 463 885 514 post
916 460 1065 501 diebus
1099 460 1364 513 exploratius
1403 475 1494 515 spe·

149 524 264 562 ctato
284 520 473 574 negotio,
504 518 761 559 Mamertino
795 522 886 560 tum
908 519 1122 559 iudicante
1142 519 1357 572 praefecto
1376 532 1495 573 prae—

147 579 273 632 torio,
310 578 520 632 Nigrinus
559 580 606 618 ut
646 577 878 618 acerrimus
916 577 1021 618 belli
1059 577 1288 619 instinctor
1320 581 1494 619 exustus

149 641 214 679 est
245 637 384 678 uiuus.
444 635 656 677 Romulus
695 650 797 677 uero
835 639 934 689 post
967 650 1062 677 eum
1096 638 1138 677 et
1171 635 1394 677 Sabostius
1427 651 1494 678 cu-

147 696 277 737 riales
299 695 485 736 conuicti
518 695 608 735 sine
629 697 824 749 respectu
844 694 1024 748 periculi
1056 695 1100 735 in
1126 695 1269 736 studia
1289 695 1493 736 saeuiisse

147 754 477 807 discordiarum,
515 753 686 808 poenali
725 753 968 807 consumpti
1007 757 1106 795 sunt
1143 754 1269 794 ferro.
1336 753 1493 795 residui

149 827 295 855 omnes
329 813 528 853 abierunt
566 812 749 865 innoxii,
786 826 892 866 quos
926 812 976 853 ad
1010 812 1292 853 certaminum
1330 811 1495 854 rabiem

146 871 380 913 necessitas
421 873 582 925 egerat,
625 885 711 912 non
756 871 968 912 uoluntas.
1031 871 1072 911 id
1118 871 1231 911 9111111
1276 871 1493 926 aequitate

147 933 329 985 pensata
362 933 574 971 statuerat
605 929 832 983 placabilis
866 930 1100 983 imperator
1133 933 1175 970 et
1207 929 1406 970 clemens.

267 989 335 1030 21.
367 988 425 1029 Et
458 988 560 1029 haec
588 988 759 1042 quidem
791 991 943 1041 postea
975 992 1097 1043 gesta
1130 990 1240 1029 sunt.
1302 987 1492 1030 Iulianus

148 1062 250 1088 uero
283 1060 415 1101 agens
449 1047 577 1088 etiam
612 1050 704 1087 tum
737 1046 847 1099 apud
877 1046 1089 1088 Naessum
1122 1047 1233 1088 curis
1267 1046 1494 1088 altioribus

149 1106 456 1160 stringebatur,
489 1105 627 1146 multa
658 1105 874 1158 utrimque
915 1106 1234 1159 pertimescens.
1294 1105 1494 1146 formida-

148 1165 224 1206 bat
245 1165 358 1205 enim
378 1179 430 1205 ne
452 1164 695 1205 clausorum
727 1163 916 1205 militum
938 1164 1048 1218 apud
1068 1163 1316 1218 Aquileiam
1349 1177 1494 1218 repen-

147 1224 240 1265 tino
291 1223 462 1264 adsultu
513 1223 725 1264 obseratis
782 1222 994 1276 angustiis
1045 1222 1223 1276 Alpium
1273 1221 1494 1277 Iuliarum,

148 1282 392 1336 prouincias
425 1284 467 1322 et
501 1281 761 1322 adminicula
792 1281 998 1334 perderet,
1031 1296 1137 1336 quae
1170 1281 1320 1322 exinde
1353 1295 1494 1335 spera-

147 1341 224 1382 bat
263 1341 306 1381 in
337 1340 438 1381 dies.
501 1340 568 1381 22.
606 1340 839 1393 itidemque
879 1354 980 1393 opes
1019 1340 1196 1381 orientis
1233 1353 1495 1394 magnopere

148 1399 377 1440 uerebatur
428 1399 603 1440 audiens
647 1399 885 1452 dispersum
937 1413 1012 1452 per
1057 1398 1265 1440 Thracias
1309 1398 1494 1440 militem

148 1461 297 1499 contra
329 1458 419 1499 uim
452 1458 642 1499 subitam
676 1457 760 1498 cito
781 1461 976 1499 eoactum
1009 1457 1239 1498 aduentare
1261 1456 1491 1499 Succorum

148 1517 343 1570 confinia,
376 1517 532 1557 comite
552 1515 769 1557 Martiano
791 1516 981 1557 ducente.
1032 1516 1104 1556 sed
1136 1519 1282 1557 tamen
1302 1528 1493 1570 congrua

148 1575 403 1616 instantium
446 1575 784 1616 sollicitudinum
829 1574 933 1615 moli
976 1575 1065 1628 ipse
1099 1589 1265 1630 quoque
1309 1574 1493 1629 agitanS,

149 1634 379 1675 efficaciter
424 1633 646 1687 Illyricum
691 1632 972 1674 contrahebat
1018 1634 1275 1687 exercitum,
1317 1633 1493 1687 puluere

148 1692 354 1733 coalitum
385 1691 558 1745 Martio,
590 1696 920 1746 promptumque
953 1692 997 1732 in
1029 1692 1334 1733 certaminibus
1372 1691 1495 1733 belli-

148 1766 246 1792 coso
279 1751 398 1803 iungi
432 1750 600 1791 rectori.
661 1765 737 1790 nec
768 1750 1037 1803 priuatorum
1070 1751 1282 1792 utilitates
1314 1750 1359 1791 in
1390 1754 1493 1791 tem-

147 1824 250 1864 pore
283 1809 540 1862 adflagranti
572 1809 808 1862 despiciens
841 1809 1023 1864 litesque
1056 1810 1229 1850 audiens
1251 1812 1493 1851 controuer-

149 1883 216 1910 sas
237 1868 422 1909 maxime
443 1867 769 1921 municipalium
789 1867 997 1922 ordinum,
1030 1868 1082 1909 ad
1103 1882 1283 1922 quorum
1302 1867 1493 1910 fauorem

147 1927 400 1980 propensior
432 1926 589 1967 iniuste
621 1926 766 1980 plures
798 1927 1046 1968 muneribus
1084 1925 1268 1981 publicis
1301 1926 1493 1968 adnecte-

147 1986 234 2026 bat.
297 1986 363 2026 24.
396 1985 456 2026 ibi
489 1984 794 2039 Symmachum
827 1989 1043 2039 repertum
1083 1989 1125 2026 et
1156 1985 1393 2026 Maximum
1432 1998 1492 2026 se-

240 2134 253 2163 1
283 2140 327 2163 an
359 2140 419 2163 ore
437 2149 473 2153 —
491 2128 629 2163 *Zeffusi
648 2141 689 2163 us
713 2129 799 2163 add.
831 2129 884 2162 Vm
941 2133 959 2164 7
986 2129 1038 2173 di]
1065 2140 1147 2162 rum
1173 2129 1360 2163 iudicante
1386 2139 1491 2173 prae·

146 2176 244 2208 secto
270 2141 472 2217 (iudicante
498 2175 686 2218 praefecto
713 2174 833 2207 dirum
851 2175 902 2210 P>
927 2177 1103 2217 transpos.
1120 2173 1367 2217 anteon-ebus
1391 2184 1435 2207 ex
1467 2172 1489 2206 1.

152 2218 219 2253 VP
309 2219 354 2252 ⁸8
395 2218 483 2252 belli
515 2219 558 2259 bu
596 2218 683 2252 uelli
721 2218 788 2252 VP
879 2222 898 2252 9
931 2218 1093 2253 romulus
1123 2218 1159 2252 P
1190 2218 1355 2253 rumulus
1390 2216 1423 2251 V
1469 2227 1492 2262 9

147 2267 188 2298 10
212 2264 381 2313 respectu
408 2255 562 2306 periculi
591 2263 622 2295 (ι’
650 2274 687 2297 re
721 2263 801 2307 [lac.
831 2265 880 2297 20
910 2264 948 2308 (8
970 2265 1019 2306 P)
1051 2263 1122 2298 litt.
1168 2265 1210 2297 ut
1238 2262 1393 2308 periculi
1423 2261 1492 2298 VP

149 2313 185 2342 11
214 2307 349 2342 residui
381 2318 508 2341 omnes
543 2307 574 2341 G
606 2308 712 2342 resdu
746 2308 824 2353 [1119.
862 2310 904 2342 13
931 2308 1016 2352 lim]
1043 2319 1107 2342 nes
1168 2309 1202 2342 P
1263 2311 1303 2342 12
1318 2307 1491 2342 abierunt

149 2353 180 2387 (ι’
207 2352 372 2387 ulterunt
394 2352 460 2386 VP
530 2354 599 2387 *25
624 2352 721 2386 mole
756 2351 889 2397 VPbya
937 2356 978 2388 28
1005 2356 1125 2387 rector
1156 2352 1222 2387 VP

1511 415 1528 441 5

1515 709 1549 735 10

1514 1003 1549 1029 15

1513 1297 1549 1324 20

1512 1590 1548 1617 25

1512 1884 1549 1910 80
