1614 2549
363 50 698 87 CONSTANTIVS
721 50 784 86 ET
809 48 1042 85 IVLIANVS
1067 52 1134 85 360
1337 49 1418 91 22].

74 145 363 188 Tricensimae
402 144 559 198 oppido
597 144 928 198 propinquabat.
995 144 1034 185 2.
1071 142 1224 184 Rheno
1270 142 1420 184 exinde

72 205 325 246 transmisso
357 203 578 257 regionem
609 203 753 245 subito
784 202 978 257 peruasit
1008 202 1284 256 Francorum,
1315 215 1420 256 quos

71 263 329 305 Atthuarios
343 263 513 316 uocant,
531 262 823 316 inquietorum
840 261 1064 303 hominum
1077 261 1276 302 licentius
1290 260 1422 302 etiam

73 325 167 363 tum
203 321 546 375 percursantium
583 321 744 363 extima
781 319 1032 362 Galliarum.
1100 334 1205 374 quos
1247 319 1421 361 adortus

38 393 56 421 5
76 380 219 422 subito
239 379 350 421 nihil
370 381 607 421 metuentes
633 379 791 421 hostile
811 379 1075 434 nimiumque
1095 392 1279 432 securos,
1311 377 1423 432 quod

75 453 280 493 scruposa
316 439 483 480 uiarum
520 437 775 480 difficultate
814 440 984 479 arcente
1021 437 1189 479 nullum
1227 437 1280 478 ad
1323 451 1422 478 suos

74 511 211 552 pagos
249 497 451 539 introisse
488 496 775 538 meminerant
811 496 1060 551 principem,
1098 496 1318 549 superauit
1354 509 1424 536 ne-

77 556 197 611 gotio
219 556 325 598 leui:
358 555 581 610 captisque
600 555 799 609 plurimis
821 557 864 596 et
884 555 1050 608 occisis,
1071 554 1294 596 orantibus
1327 554 1422 595 aliis

78 615 151 669 qui
183 614 441 669 superfuere,
471 628 622 668 pacem
654 628 704 655 ex
736 614 915 655 arbitrio
949 614 1077 667 dedit,
1107 613 1189 654 hoc
1221 612 1424 667 prodesse

25 689 59 715 ιο
76 674 398 728 possessoribus
443 672 638 714 finitimis
684 673 930 714 arbitratus.
998 672 1036 714 3.
1074 672 1183 713 unde
1226 686 1424 713 reuersus

77 733 171 787 pari
192 732 412 774 celeritate
444 746 520 786 per
553 732 722 785 flumen,
759 731 1058 786 praesidiaque
1095 731 1248 772 limitis
1282 730 1425 784 explo-

77 807 178 833 rans
211 791 442 845 diligenter
474 793 517 832 et
549 791 780 845 corrigens,
813 790 865 831 ad
896 805 1028 844 usque
1047 789 1267 831 Rauracos
1296 788 1428 841 uenit,

78 850 270 904 locisque
302 849 577 904 recuperatis,
609 864 716 903 quae
737 849 841 890 olim
871 849 1044 890 barbari
1064 849 1304 901 intercepta
1328 847 1428 888 reti-

77 909 240 950 nebant
270 911 319 950 ut
349 908 535 963 propria,
568 908 786 962 isdemque
806 907 998 961 pleniore
1019 921 1120 948 cura
1151 906 1332 947 firmatis
1352 920 1428 960 per

26 983 60 1008 15
79 967 386 1009 Besantionem
417 966 632 1008 Viennam
663 966 926 1008 hiematurus
960 966 1180 1007 abscessit.

201 1023 275 1067 11.
312 1027 348 1067 1.
378 1025 462 1067 Hic
493 1040 569 1079 per
589 1024 754 1066 Gallias
788 1027 881 1066 erat
900 1025 1003 1066 ordo
1037 1027 1270 1079 gestorum.
1321 1039 1427 1078 quae

79 1084 180 1126 dum
209 1085 273 1126 ita
304 1098 508 1139 prospere
541 1084 770 1125 succedunt
802 1086 844 1125 et
877 1086 1011 1137 caute,
1049 1082 1327 1125 Constantius
1362 1083 1429 1125 ad-

79 1144 214 1186 citum
238 1143 431 1186 Arsacen
448 1142 679 1184 Armeniae
706 1155 852 1197 regem
885 1156 1134 1196 summaque
1165 1142 1429 1184 liberalitate

80 1205 325 1257 susceptum
344 1202 653 1256 praemonebat
680 1203 722 1243 et
753 1201 1023 1255 hortabatur,
1054 1203 1102 1242 ut
1121 1201 1246 1242 nobis
1268 1201 1428 1243 amicus

28 1276 62 1301 20
83 1276 176 1303 esse
213 1263 509 1315 perseueraret
547 1264 589 1302 et
626 1260 748 1302 fidus.
809 1260 847 1301 2.
881 1259 1082 1301 audiebat
1114 1260 1228 1301 enim
1259 1260 1429 1314 saepius

82 1335 179 1362 eum
210 1322 469 1374 temptatum
502 1334 527 1360 a
558 1332 659 1374 rege
679 1318 910 1360 Persarum
940 1318 1127 1360 fallaciis
1160 1321 1203 1360 et
1234 1319 1364 1360 minis
1388 1322 1431 1360 et

82 1379 207 1433 dolis,
237 1381 286 1420 ut
303 1378 599 1420 Romanorum
625 1378 829 1419 societate
860 1377 1112 1431 posthabita
1143 1377 1230 1419 suis
1255 1378 1432 1418 rationi-

81 1438 161 1479 bus
182 1438 480 1492 stringeretur.
525 1437 562 1478 3.
584 1437 657 1491 qui
689 1437 838 1478 crebro
873 1436 1071 1478 adimans
1105 1437 1293 1477 animam
1312 1437 1431 1490 prius

83 1511 210 1551 posse
244 1497 442 1538 amittere
464 1510 590 1550 quam
617 1495 888 1549 sententiam,
919 1498 1168 1536 muneratus
1189 1509 1285 1536 cum
1305 1495 1433 1536 comi-

0 1571 2 1593 2
30 1569 65 1596 25
84 1556 213 1610 tibus,
246 1571 348 1610 quos
371 1555 561 1608 duxerat,
592 1554 704 1596 redit
736 1554 789 1596 ad
820 1567 1000 1608 regnum
1019 1554 1130 1595 nihil
1157 1569 1283 1595 ausus
1303 1556 1434 1595 teme-

0 1601 3 1653 ἶ
84 1629 180 1656 rare
217 1617 368 1669 postea
404 1614 726 1668 promissorum,
768 1613 988 1667 obligatus
1021 1613 1261 1667 gratiarum
1292 1613 1435 1655 multi·

0 1655 3 1716 l
84 1673 188 1727 plici
218 1688 331 1714 nexu
363 1671 631 1726 Constantio,
662 1672 776 1713 inter
809 1687 913 1726 quas
946 1671 1055 1713 illud
1085 1672 1230 1726 potius
1258 1672 1435 1713 excelle-

84 1732 163 1773 bat
195 1732 306 1786 quod
326 1731 594 1786 Olympiada,
625 1730 788 1772 Ablabi
819 1731 955 1772 filiam
985 1730 1193 1785 praefecti
1219 1731 1435 1785 quondam

85 1791 316 1844 praetorio,
349 1791 387 1832 ei
407 1790 685 1845 copulauerat
705 1789 942 1844 coniugem,
974 1804 1176 1844 sponsam
1196 1789 1343 1831 fratris
1370 1789 1436 1830 sui

33 1863 68 1889 30
87 1847 348 1891 Constantis.

179 2031 196 2061 1
224 2026 533 2061 obtricaensimae
561 2025 700 2070 (Mosae
729 2026 778 2066 G)
805 2025 943 2070 oppido
973 2024 1115 2061 VGAP
1207 2024 1340 2059 exinde
1370 2024 1438 2060 VP

89 2071 225 2106 deinde
262 2072 328 2116 bqa
419 2076 439 2106 3
465 2070 672 2106 atthuarios
716 2070 860 2105 VGAP
895 2070 1084 2104 ansuarios
1121 2071 1142 2105 b
1232 2074 1254 2104 4
1289 2080 1438 2114 percur-

89 2116 251 2151 santium
289 2116 394 2151 VGP
422 2117 737 2161 perscrutantium
768 2116 813 2150 ba
914 2119 953 2149 11
987 2115 1116 2149 limitis
1150 2115 1184 2150 G
1208 2114 1364 2158 limitem
1393 2114 1437 2149 V¹

88 2161 229 2196 limites
257 2160 388 2196 V²Pba
451 2165 492 2196 15
517 2160 703 2196 Viennam
726 2161 833 2205 Pbya
856 2160 1007 2194 ueniam
1036 2159 1071 2195 V
1136 2164 1177 2195 17
1204 2159 1440 2194 Constantius

89 2206 156 2250 hya
181 2206 431 2241 constantium
460 2205 528 2241 VP
620 2210 661 2240 21
689 2217 774 2241 eum
806 2205 885 2250 qu
911 2204 976 2240 con
1005 2205 1041 2240 V
1127 2210 1170 2240 23
1196 2205 1441 2250 stringeretur

89 2251 126 2285 P
157 2251 476 2296 constringeretur
505 2251 550 2286 ba
582 2250 794 2296 ringeretur
829 2249 860 2284 V
889 2250 1109 2296 iungeretur
1142 2250 1175 2285 G-
1273 2253 1316 2285 25
1346 2248 1440 2284 nihil

91 2305 202 2329 ausus
236 2296 421 2331 temerare
462 2296 495 2330 G-
530 2296 762 2330 inthelausus
798 2296 1024 2330 temeratore
1060 2296 1128 2331 VP
1219 2299 1262 2330 29
1294 2295 1328 2329 ei
1371 2294 1441 2328 GA

91 2340 201 2384 cique
231 2339 320 2376 VPb
413 2351 587 2386 sponsam
610 2341 734 2376 fratris
758 2341 793 2376 P
818 2351 968 2384 sponsas
993 2340 1100 2376 fratri
1129 2339 1164 2375 V
