1614 2549
405 94 744 132 consTANTIVs
768 93 830 128 ET
857 92 1044 128 GALLVS
1069 96 1136 128 354
1387 92 1442 134 37

98 191 348 234 ocemrebat
391 189 573 232 Caesare
617 189 859 230 discedente
897 187 1145 228 Vrsicinum
1190 187 1236 227 111
1278 186 1444 228 oriente

38 262 40 265 ’
95 250 335 306 perniciose
366 248 707 303 relinquendum,
740 247 777 288 si
807 246 951 288 nullus
985 248 1110 300 esset,
1142 245 1216 300 qui
1246 244 1444 311 prohibe·

96 312 164 350 ret
202 308 359 350 altiora
390 307 710 348 meditaturum.
761 306 798 347 3.
819 305 1040 359 isdemque
1061 304 1222 345 residui
1247 303 1358 358 regii
1379 318 1445 345 ac-

97 381 261 408 cessele
293 366 518 420 spadones,
550 379 730 420 quorum
762 379 812 405 ea
844 366 1101 417 tempestate
1133 363 1231 417 plus
1257 361 1445 404 habendi

61 440 77 465 5
97 426 308 479 cupiditas
348 425 463 466 ultra
507 424 734 465 mortalem
778 422 952 464 modum
996 422 1288 475 adolescebat,
1332 421 1445 462 inter

97 483 340 525 ministeria
378 484 494 524 uitae
533 482 778 524 secret-ioris
817 495 893 535 per
931 495 1110 522 arcanos
1144 495 1340 521 susurros
1371 495 1445 521 nu-

97 543 303 584 trimenta
334 542 445 583 fictis
471 541 722 582 criminibus
756 540 1047 581 subserentes:
1081 539 1153 593 qui
1185 538 1444 592 ponderibus

98 601 284 642 inuidiae
335 600 550 654 grauioris
600 599 741 640 uirum
794 598 1080 640 fortissimum
1131 597 1446 651 opprimebant,

99 659 368 701 subolescere
418 659 598 712 imperio
644 658 814 699 adultos
860 658 950 698 eius
995 656 1108 697 filios
1153 656 1446 709 mussitantes,

45 732 78 757 ιο
98 718 247 760 decore
269 732 496 772 corporum
516 716 780 758 fauorabiles
807 719 849 757 et
881 718 1036 769 aetate,
1066 729 1141 769 per
1162 714 1447 768 multiplicem

99 780 341 818 armaturae
382 776 607 817 scientiam
646 775 973 830 agilitatemque
1011 774 1303 815 membrorum
1334 773 1446 814 inter

99 835 313 876 cotidiana
345 834 543 888 proludia
576 834 786 875 exercitus
808 833 1005 875 consulto
1028 832 1207 874 consilio
1230 832 1447 886 cognitos:

99 894 273 935 Gallum
294 897 443 947 suopte
476 893 648 947 ingenio
680 896 844 933 trucem
864 907 939 946 per
972 891 1218 945 suppositos
1240 890 1446 945 quosdam

48 996 54 999 ,
99 952 151 993 ad
183 966 312 994 saeua
344 952 538 993 facinora
570 951 664 992 ideo
698 951 934 992 animatum
966 953 1013 992 ut
1033 964 1081 991 eo
1104 950 1235 1004 digna
1255 949 1447 990 omnium

45 1023 78 1049 15
98 1011 294 1052 ordinum
327 1010 612 1052 detestatione
646 1025 775 1051 exoso
808 1010 861 1051 ad
893 1009 1094 1064 magistri
1121 1008 1312 1063 equitum
1343 1008 1448 1049 libe-

97 1084 167 1110 ros
199 1069 467 1123 principatus
499 1069 689 1123 insignia
720 1068 1050 1110 transferantur.

216 1129 255 1169 4.
282 1126 388 1169 Cum
415 1128 523 1169 haec
547 1127 740 1182 taliaque
767 1127 979 1168 sollicitas
1007 1127 1096 1167 eius
1124 1141 1248 1168 aures
1277 1125 1448 1167 euerbe-

98 1190 245 1227 rarent
283 1187 506 1253 expositas
536 1200 703 1240 semper
737 1187 827 1227 eius
866 1185 980 1226 modi
1018 1185 1264 1226 rumoribus
1297 1187 1339 1226 et
1377 1200 1449 1239 pa-

98 1248 252 1299 tentes,
283 1246 405 1287 uaria
438 1245 581 1287 animo
613 1248 705 1285 tum
738 1244 942 1285 miscente
976 1244 1168 1310 consilia?
1199 1243 1373 1285 tandem
1405 1243 1449 1285 id

45 1317 79 1342 20
98 1307 146 1344 ut
178 1304 389 1369 optimum
420 1303 538 1345 factu
570 1304 720 1357 elegit:
753 1308 796 1344 et
821 1302 1067 1344 Visicinum
1098 1303 1285 1368 primum
1317 1302 1370 1343 ad
1404 1316 1448 1343 se

98 1362 244 1403 uenire
277 1376 443 1403 summo
477 1377 572 1403 cum
603 1362 766 1403 11011010
798 1361 1022 1403 mandauit
1055 1376 1104 1403 ea
1125 1361 1265 1415 specie
1291 1363 1339 1402 ut
1370 1375 1447 1415 pro

97 1435 239 1462 rerum
283 1423 384 1462 tunc
431 1421 676 1475 urgentium
721 1423 849 1474 captu
899 1420 1198 1474 disponeretur
1250 1419 1447 1461 concoidi

98 1479 292 1533 consilio,
325 1479 479 1534 quibus
518 1480 675 1521 uirium
707 1479 982 1521 incrementis
1015 1478 1318 1520 Parthicarum
1350 1492 1449 1533 gen-

97 1538 207 1579 tium
233 1553 354 1580 arma
379 1538 638 1580 minantium
663 1538 850 1592 impetus
882 1538 1197 1592 fi·ange1·entur.
1247 1537 1285 1579 5.
1312 1540 1355 1578 et
1379 1551 1448 1578 ne-

44 1610 78 1636 25
99 1596 200 1650 quid
232 1597 521 1651 suspicaretur
554 1597 722 1638 aduersi
756 1600 974 1650 uenturus,
1006 1597 1192 1638 uicarius
1213 1596 1317 1650 eius,
1349 1596 1448 1637 dum

98 1655 225 1708 redit,
269 1655 455 1709 Prosper
493 1656 650 1697 missus
690 1659 755 1697 est
793 1670 953 1697 comes:
986 1655 1256 1709 acceptisque
1288 1655 1448 1696 litteris

98 1717 141 1754 et
173 1714 297 1768 copia
326 1714 390 1756 rei
426 1713 716 1756 uehiculariae
756 1715 858 1756 data
889 1713 1182 1756 Mediolanum
1220 1714 1448 1755 itineribus

97 1773 421 1826 properauimus
454 1774 637 1827 magnis.

217 1831 254 1873 6.
273 1830 488 1873 Restabat
506 1835 554 1873 ut
575 1830 734 1874 Caesar
753 1835 854 1898 post
878 1830 984 1872 haec
1002 1835 1257 1886 properaret
1286 1831 1447 1872 accitus

0 1931 1 1934 Ἴ
44 1902 78 1927 3ο
98 1892 140 1930 et
172 1890 484 1944 abstergendae
517 1905 646 1932 causa
678 1890 934 1944 suspicionis
968 1904 1158 1931 sororem
1190 1904 1324 1945 suan
1358 1889 1447 1931 cius

0 1945 1 1952 ’
97 1962 284 2002 uxorem,
317 1948 595 1990 Constantius
629 1949 682 1990 ad
715 1963 758 1990 se
790 1949 965 1990 tandem
991 1948 1280 1990 desideratam
1299 1948 1447 1990 uenire

97 2006 245 2048 multis
277 2007 473 2062 fictisque
507 2008 733 2049 blanditiis
765 2007 1035 2049 hortabatur.
1087 2022 1194 2062 quae
1228 2007 1331 2049 licet
1362 2022 1448 2049 am-

96 2065 266 2119 bigeret
297 2069 490 2107 metuens
525 2081 651 2120 saepe
684 2068 920 2120 cruentum,
951 2080 1026 2120 spe
1044 2068 1193 2107 tamen
1212 2066 1325 2121 quod
1351 2080 1448 2107 eum

98 2122 233 2165 lenire
265 2125 426 2178 poterit
457 2128 506 2165 ut
537 2138 789 2179 germanum
821 2124 1032 2178 profecta,
1065 2139 1161 2165 011111
1193 2125 1448 2179 Bithyniam

229 2237 449 2281 prohiberet
470 2239 507 2272 A
530 2238 729 2283 prohibeat
755 2238 788 2272 G'
819 2238 995 2283 prohibet
1023 2238 1112 2274 VPb
1207 2243 1248 2274 19
1273 2240 1354 2273 tum
1379 2238 1446 2272 mi—

94 2240 221 2316 scente
229 2249 282 2316 PP
310 2282 533 2317 tumiscente
563 2282 598 2316 V
623 2284 855 2318 tumescente
881 2283 948 2328 bya
1040 2283 1078 2317 id
1109 2284 1152 2318 ut
1186 2283 1354 2318 Valesius
1379 2283 1445 2317 dot

99 2324 168 2360 VP
198 2325 264 2360 dat
293 2326 338 2361 ba
368 2326 456 2361 dato
481 2338 503 2372 9
595 2332 638 2362 25
669 2327 748 2362 eius
779 2337 844 2362 om.
869 2327 949 2373 Pb9
1041 2331 1083 2362 28
1122 2339 1190 2373 pro
1221 2328 1342 2363 erauit
1379 2328 1446 2371 bya

93 2372 138 2404 34
161 2370 303 2415 poterit
326 2370 566 2408 Kellerbauer
590 2373 741 2417 poterat
763 2373 864 2408 codd
912 2339 1109 2417 bythinam
1141 2372 1174 2407 V
1192 2340 1367 2407 bitiniam
1386 2373 1445 2407 Pb
