1614 2549
409 81 742 120 coNs'rAurlvs
767 82 830 118 ET
855 81 1086 118 1vL1Ast
1111 87 1175 119 357
1385 85 1462 126 101

120 178 372 220 aduertebat
414 177 526 232 quod
569 179 671 219 tunc
713 177 934 231 tripertito
978 177 1109 218 exitio
1159 178 1464 232 premebantur

119 237 377 292 imperatore
409 238 587 290 urgente
618 251 695 290 per
713 235 902 289 Raetias,
934 234 1116 278 Caesare
1147 236 1343 290 proximo
1367 251 1465 278 nus-

120 309 247 350 quam
279 295 393 336 elabi
429 294 720 349 permittente,
756 294 965 348 finitimis,
1004 309 1110 348 quos
1148 294 1294 336 hostes
1325 295 1464 337 fecere

118 353 368 408 discordiae,
400 353 525 396 modo
556 368 641 395 11011
662 353 863 407 occipit-ia
895 353 1241 396 conculcantibus
1272 354 1373 395 hinc
1405 354 1465 395 in-

83 413 253 467 ⁵deque
297 413 544 454 cinctorum.
605 415 757 466 postea
793 426 894 453 uero
932 426 1035 465 pace
1073 412 1174 454 data
1211 413 1466 455 discesserat

118 472 354 525 imperator
386 475 430 513 et
461 471 610 512 sedata
640 470 879 525 iurgiorum
903 471 1085 512 materia
1116 471 1281 513 uicinae
1314 476 1465 526 gentes

119 530 204 571 iam
237 530 552 571 concordabant
584 532 627 571 et
657 529 932 584 turpissimus
963 529 1081 570 ducis
1101 528 1285 571 Romani
1306 531 1467 584 digres-

121 604 191 630 sus
210 589 415 631 ferociam
434 592 589 630 natiua
608 590 857 642 conceptam
877 588 997 629 auxit
1015 588 1059 628 in
1079 589 1229 630 maius.
1294 590 1359 630 17.
1381 589 1466 630 alio

119 647 269 689 itidem
288 647 411 688 modo
444 662 511 688 res
539 650 605 688 est
625 647 862 701 adgrauata
881 646 1074 688 Romana
1096 661 1146 688 ex
1164 647 1342 701 negotio
1374 648 1467 688 tali.

66 716 100 740 10
118 706 230 760 regii
269 706 352 747 duo
394 706 550 747 fratres
582 706 755 747 uinculo
797 705 914 759 pacis
948 705 1155 760 adstricti,
1197 720 1325 760 quam
1357 720 1467 748 anno

118 765 352 818 praeterito
386 765 724 819 impetrauerant
754 780 774 806 a
798 762 1064 818 Constantio,
1095 778 1171 806 nec
1203 765 1467 806 tumultuare

118 838 196 865 neo
228 824 489 865 commoueri
529 826 627 865 sunt
665 824 770 864 ausi.
832 823 906 864 sed
944 823 1072 877 paulo
1110 826 1264 877 postea
1300 838 1383 865 uno
1416 837 1468 865 ex

119 882 186 923 his
208 881 499 936 Gimdomado,
532 883 604 937 qui
636 882 780 936 potior
809 885 901 922 erat
933 882 1114 936 fideique
1147 882 1361 935 firmioris,
1391 896 1468 936 per

120 941 296 982 insidias
338 941 597 995 interempto
640 941 780 982 omnis
822 940 910 981 eius
951 940 1133 993 populus
1172 955 1267 982 cum
1306 941 1467 982 nostris

67 1014 102 1039 15
118 999 319 1041 hostibus
353 1000 616 1054 conspirauit
648 1003 691 1041 et
723 998 949 1040 confestim
975 997 1227 1040 Vadomarii
1257 999 1379 1053 plebs
1412 1024 1467 1029 —

121 1090 390 1100 ............
421 1062 470 1100 ut
503 1058 729 1100 adserebat
761 1083 816 1087 —
851 1058 1095 1112 agminibus
1117 1058 1233 1099 bella
1264 1059 1469 1100 cientium

119 1117 401 1158 barbarorum
434 1132 525 1159 sese
559 1118 791 1159 coniunxit.

241 1176 306 1218 18.
321 1175 495 1217 Cunctis
522 1176 658 1231 igitur
675 1176 851 1217 summis
871 1175 1115 1229 infimisque
1131 1175 1468 1229 adprobantibus

120 1237 221 1276 tunc
254 1238 463 1289 oportune
485 1235 844 1289 congrediendum
868 1249 946 1275 nec
966 1235 1016 1275 de
1048 1235 1192 1288 rigore
1225 1234 1469 1276 animorum

67 1308 100 1333 20
121 1293 350 1347 quicquam
398 1294 719 1335 remittentibus
776 1293 1034 1335 exclamauit
1090 1293 1233 1334 subito
1290 1293 1470 1347 signifer

120 1353 274 1406 ‘pe1ge7
304 1351 554 1393 felicissime
575 1353 765 1394 omnium
786 1351 956 1406 Caesar,
988 1365 1069 1406 quo
1102 1355 1145 1392 te
1176 1352 1351 1393 fortuna
1376 1367 1470 1406 pro—

121 1411 286 1464 sperior
316 1410 450 1452 ducit:
482 1412 655 1452 tandem
685 1426 762 1466 per
792 1414 836 1452 te
868 1411 1075 1452 uirtutem
1096 1413 1139 1452 et
1159 1410 1340 1452 consilia
1359 1411 1471 1452 mili-

119 1471 213 1510 tare
246 1469 468 1510 sentimus.
532 1471 545 1511 ί
574 1470 775 1524 praeuius
806 1473 855 1511 ut
884 1469 1051 1511 faustus
1085 1470 1393 1524 antesignanus
1426 1473 1470 1510 et

119 1527 265 1569 fortis:
303 1529 552 1583 experieris,
590 1529 691 1584 quid
728 1529 854 1570 miles
894 1528 972 1570 sub
1005 1530 1236 1582 conspectu
1273 1528 1471 1569 bellicosi

68 1601 101 1626 25
121 1586 311 1628 ductoris
343 1587 553 1642 testisque
586 1588 795 1630 indiuidui
840 1586 1144 1642 gerendorum,
1187 1587 1312 1628 modo
1358 1587 1471 1628 adsit

122 1660 323 1699 superum
337 1660 507 1700 numen,
519 1647 685 1688 uiribus
700 1646 859 1688 efficiet
879 1646 1101 1687 excitatis’.
1149 1645 1214 1687 19.
1228 1645 1297 1687 his
1312 1646 1469 1687 auditis

121 1718 217 1745 cum
256 1704 401 1745 nullae
445 1705 693 1747 laxarentur
736 1705 947 1758 indutiae,
989 1707 1214 1759 promotus
1258 1704 1470 1746 exercitus

119 1777 252 1817 prope
286 1763 441 1804 collem
481 1764 654 1806 aduenit
685 1764 879 1806 molliter
911 1764 1084 1817 editum,
1122 1766 1320 1817 opertum
1354 1777 1470 1817 sege-

120 1821 238 1862 tibus
270 1822 356 1863 iam
388 1823 583 1877 maturis,
616 1839 641 1865 a
673 1823 915 1877 superciliis
934 1821 1076 1863 Rheni
1107 1822 1215 1864 haut
1245 1823 1376 1876 longo
1410 1823 1470 1863 in-

68 1889 101 1914 30
120 1880 306 1922 teruallo
349 1881 600 1923 distantem:
651 1897 672 1923 e
716 1882 835 1923 cuius
880 1881 1128 1923 summitate
1179 1881 1469 1934 speculatores

121 1937 313 1980 hostium
345 1943 434 1980 tres
455 1941 620 1994 equites
642 1941 771 1982 exciti
803 1939 946 1982 subito
965 1939 1208 1981 nuntiaturi
1226 1938 1471 1981 Romanum

122 1997 356 2039 exercitum
401 1999 631 2040 aduentare
674 1999 934 2041 festinarunt
978 1998 1030 2039 ad
1069 2013 1180 2052 suos,
1223 2012 1331 2039 unus
1368 2013 1470 2039 uero

121 2056 262 2110 pedes,
293 2057 367 2111 qui
400 2058 520 2111 sequi
539 2072 625 2098 non
650 2058 803 2112 potuit,
835 2059 983 2111 captus
1005 2057 1203 2111 agilitate
1222 2060 1470 2100 nostrorum

212 2187 254 2218 10
277 2183 373 2228 regii
398 2183 471 2217 duo
498 2183 532 2217 G
556 2194 664 2229 reges
689 2184 763 2218 duo
781 2185 815 2217 A
840 2182 987 2218 residuo
1010 2182 1098 2218 VPb
1149 2188 1186 2218 11
1213 2183 1467 2227 imperauerat

125 2226 193 2262 VP
252 2231 293 2262 15
316 2228 425 2272 plebs
451 2228 534 2273 [lac.
561 2233 602 2262 12
628 2229 712 2273 litt.]
737 2231 781 2262 ut
809 2228 877 2264 VP
900 2227 1057 2262 subinde
1081 2228 1240 2263 inseruit
1271 2229 1317 2263 ba
1340 2238 1406 2262 om.
1437 2227 1472 2261 G-

120 2271 187 2307 lac.
216 2272 281 2307 lwc
315 2273 420 2307 modo
451 2274 615 2317 expleui:
651 2293 694 2298 —
729 2273 809 2318 ipse
847 2274 946 2308 enim
982 2272 1165 2318 religione
1200 2272 1471 2318 prohibebatur

122 2320 164 2351 16
186 2316 414 2352 adserebant
444 2318 479 2352 G
537 2323 580 2353 23
609 2318 623 2351 i
650 2318 685 2352 G
707 2328 773 2353 om.
804 2318 918 2354 VPba
977 2321 1019 2351 26
1050 2317 1194 2352 uiribus
1231 2317 1398 2353 Valesius
1428 2322 1470 2351 ut

120 2360 231 2396 rebus
259 2361 349 2397 VPb
372 2362 418 2396 iis
441 2363 553 2397 rebus
580 2362 614 2397 G
637 2363 675 2397 in
701 2363 811 2398 rebus
837 2364 873 2398 A
965 2366 1008 2397 ⁶29
1032 2362 1141 2397 hreni
1171 2362 1204 2397 V
