1573 2508
155 68 208 109 82
678 65 763 100 XVI
789 70 822 108 5,
846 68 959 101 5-14

156 160 376 202 factitasse
421 159 713 200 Alexandrum
757 159 940 213 legimus
978 158 1201 213 Magnum3
1246 158 1319 199 sed
1365 157 1501 200 multo

157 219 225 260 hic
275 219 441 260 fortius.
521 218 595 259 ille
656 231 839 272 namque
892 231 1023 258 aenea
1072 217 1233 258 concha
1281 217 1504 271 supposita

155 277 332 319 brachio
365 280 485 318 extra
505 276 644 317 cubile
665 278 863 330 protento
895 275 1029 329 pilam
1049 276 1224 317 tenebat
1243 278 1503 329 argenteam,

156 340 203 377 ut
252 350 345 376 cum
395 349 624 376 neruorum
675 334 867 388 uigorem
914 348 1043 388 sopor
1092 335 1279 375 laxasset
1326 333 1503 387 infusus,

157 394 408 445 gestaminis
430 393 539 448 lapsi
572 393 752 434 ti1u1itus
774 393 1047 446 abrumperet
1065 407 1273 433 somnum.
1305 393 1343 433 ἴ).
1374 391 1503 433 Iulia·
1521 405 1539 432 5

156 467 233 493 nus
266 467 368 493 uero
403 453 561 506 absque
600 453 883 493 instrumento
917 451 1113 505 quotiens
1152 451 1292 492 uoluit
1327 450 1504 505 euigilae

156 511 220 551 uit
252 513 295 551 ct
324 515 448 552 nocte
481 511 703 551 dimidiata
736 524 903 563 semper
936 523 1170 563 exsurgens
1196 523 1283 550 non
1303 523 1324 550 e
1344 508 1502 562 plumis
1556 506 1560 534 3

157 569 224 610 uel
259 569 464 623 stragulis
505 569 652 610 sericis
692 569 894 622 ambiguo
926 568 1096 622 fulgore
1133 567 1391 621 nitentibus,
1429 567 1502 608 sed

156 642 206 669 ex
238 630 381 681 tapete
414 631 456 668 et
487 625 659 682 σισύρςι,
692 642 818 681 quam
849 627 1043 680 uulgaris
1076 626 1331 680 simplicitas
1364 639 1503 667 susur-

155 700 252 728 nam
305 687 514 739 appellat,
564 685 729 726 occulte
773 685 983 727 Mercurio
1035 685 1326 739 supplicabat,
1376 698 1501 738 quem
1522 698 1556 725 10

157 744 302 785 mundi
341 744 599 785 uelociorem
631 758 801 785 sensum
835 758 942 796 esse,
981 748 1143 785 motum
1177 743 1383 784 mentium
1416 758 1503 784 sus—

158 804 363 844 citantem
406 803 678 855 theologicae
729 802 951 856 prodidere
996 803 1232 843 doctrinae:
1283 804 1409 855 atque
1458 801 1502 842 in

156 865 277 902 tanto
311 875 451 902 rerum
484 862 648 902 defectu
682 861 901 914 explorate
932 861 994 901 rei
1025 861 1222 915 publicae
1247 873 1417 901 munera
1437 874 1503 901 cu—

156 920 292 961 rabat.
325 922 363 960 6.
384 924 482 973 post
503 934 608 974 quae
622 923 669 960 ut
689 920 818 961 ardua
841 923 883 960 et
903 920 1013 960 seria
1033 920 1265 960 terminata
1285 919 1336 959 ad
1356 932 1503 972 procu·

157 978 337 1019 (lendum
359 979 579 1032 ingenium
593 978 853 1031 uertebatur‚
873 981 916 1019 et
939 978 1202 1030 incredibile,
1223 991 1305 1032 quo
1327 980 1502 1031 quanto·
1522 991 1555 1018 ιε

158 1051 238 1091 que
271 1037 420 1077 ardore
458 1037 760 1090 principalium
792 1051 933 1078 rerum
965 1037 1166 1078 notitiam
1199 1036 1356 1076 celsam
1388 1035 1503 1077 inda-

158 1108 263 1149 gans
298 1099 339 1136 et
378 1096 498 1149 quasi
536 1095 696 1149 pabula
734 1095 939 1149 quaedam
979 1096 1120 1136 animo
1161 1095 1212 1135 ad
1251 1094 1503 1136 sublimiora

157 1153 377 1194 scandenti
410 1154 665 1207 conquirens
697 1168 772 1207 per
805 1154 947 1194 omnia
980 1152 1278 1207 philosophiae
1310 1152 1503 1193 membra
1560 1165 1562 1167 ’

157 1212 388 1266 prudenter
415 1212 670 1266 disputando
692 1212 900 1253 currebat.
934 1213 970 1253 7.
1003 1212 1075 1252 sed
1108 1215 1251 1253 tamen
1271 1225 1366 1252 cum
1398 1211 1502 1253 haec

157 1271 303 1312 effecte
354 1271 561 1325 pleneque
606 1271 847 1323 colligeret,
896 1285 971 1311 nec
1022 1270 1255 1312 humiliora
1297 1269 1502 1323 despexit,
1520 1283 1555 1310 20

158 1329 368 1382 poeticam
390 1329 661 1371 mediocriter
687 1334 730 1370 et
761 1329 1020 1370 rhetoricam
1040 1330 1201 1370 amauit
1221 1353 1274 1358 -—
1296 1332 1343 1369 ut
1363 1331 1502 1370 osten-

156 1387 219 1428 dit
257 1388 497 1428 orationum
530 1387 895 1442 epistularumque
934 1388 1023 1429 eius
1056 1402 1150 1428 cum
1188 1387 1403 1441 grauitate
1436 1400 1502 1428 co-

157 1446 283 1487 mitas
304 1446 552 1500 incorrupta
573 1471 627 1475 —
648 1450 690 1487 et
721 1450 964 1487 nostrarum
986 1450 1340 1500 externarumque
1359 1459 1501 1487 rerum

158 1504 381 1545 historiam
415 1505 736 1546 multiformem.
798 1519 923 1558 super
955 1504 1021 1545 his
1054 1505 1200 1546 aderat
1238 1504 1369 1545 latine
1402 1517 1502 1558 quo-

157 1577 236 1617 que
257 1563 489 1604 disserendi
511 1563 724 1604 sufficiens
757 1578 910 1604 sermo.
954 1566 991 1604 8.
1023 1564 1059 1604 si
1092 1564 1236 1617 itaque
1256 1577 1403 1604 uerum
1424 1564 1502 1616 est,
1520 1575 1555 1602 25

156 1621 266 1675 quod
300 1622 530 1675 scriptores
563 1622 672 1662 uarii
706 1625 963 1674 memorant,
997 1622 1155 1676 Cyrum
1187 1634 1332 1675 regem
1365 1624 1408 1662 et
1440 1619 1502 1662 Si·

156 1680 369 1720 monidem
432 1681 612 1734 lyricum
663 1684 706 1721 et
755 1680 958 1734 Hippiam
1008 1680 1162 1721 Eleum
1211 1679 1501 1734 sophistarum

156 1738 409 1779 acerrimum
442 1739 535 1780 idco
571 1739 755 1779 ualuisse
789 1740 1006 1791 memoria,
1039 1739 1150 1793 quod
1171 1738 1308 1791 epotis
1330 1738 1507 1792 quibus-—

155 1797 250 1838 dam
296 1797 494 1837 remediis
539 1797 579 1837 id
626 1797 929 1851 impetrarunt,
979 1797 1231 1838 credendum
1275 1800 1341 1838 est
1389 1796 1500 1837 hunc

156 1856 286 1896 etiam
318 1858 407 1896 tum
431 1856 622 1896 adultum
644 1859 782 1896 totum
810 1856 1038 1896 memoriae
1060 1855 1232 1909 dolium,
1263 1855 1299 1896 si
1319 1868 1497 1909 usquam
1517 1868 1552 1894 30

1557 2005 1560 2039 Ι

1555 2044 1560 2070 ι

174 2113 180 2119 ι
244 2072 261 2102 7
288 2069 423 2112 plumis
448 2069 550 2114 Pbsla
576 2069 741 2116 plurimis
772 2068 815 2120 V·
857 2073 877 2102 9
904 2068 1037 2113 guespa
1065 2069 1096 2101 (ι’
1124 2065 1259 2120 §iodea
1284 2069 1328 2103 ba
1353 2078 1439 2113 syra
1468 2068 1503 2102 V

154 2123 226 2146 sira
258 2113 294 2147 I'
388 2118 426 2147 13
460 2114 752 2165 explor<anter>
783 2124 815 2147 ei
848 2118 869 2158 ᾗ
898 2116 932 2142 m
965 2113 1043 2158 [Iac.
1072 2117 1094 2148 5
1126 2113 1210 2164 Mt]
1241 2114 1397 2148 curabat
1431 2112 1499 2164 ΥΡ

155 2157 370 2208 explorante
398 2159 478 2201 [Iac.
502 2162 526 2191 S
550 2159 633 2203 ML]
669 2158 823 2192 curabat
850 2159 883 2191 G
915 2158 1152 2203 exploranter
1177 2168 1210 2191 cl
1242 2157 1326 2201 [lac.
1351 2159 1399 2192 12
1423 2157 1494 2193 het.

153 2203 204 2242 Ας
230 2212 308 2235 sene
333 2203 398 2238 Iac.
424 2204 455 2247 b]
482 2203 637 2237 curabat
661 2204 703 2238 ba
774 2203 960 2246 suppleuit
991 2202 1154 2237 Valesius
1233 2203 1301 2253 ‘¹2¹
1323 2208 1364 2252 εἷς
1389 2201 1435 2235 ad
1468 2201 1500 2235 V
1556 2243 1557 2248 Ἰ

155 2251 196 2279 15
221 2248 436 2290 quantoque
469 2247 570 2281 I'AP
593 2249 733 2314 qupanto·
760 2247 779 2278 b
803 2250 840 2281 et
865 2248 1004 2290 quanto
1025 2247 1057 2314 (f
1105 2250 1146 2296 21·
1172 2247 1316 2297 amauit
1338 2250 1496 2304 mserutf

153 2290 887 2380 liisinJiliiriilrlizrlluriiocic'i'hippigmelligllidnm
901 2292 994 2370 by'ba
1037 2295 1076 2326 ..7
1101 2290 1277 2335 Hlmnam
1304 2289 1433 2325 Eleum
1462 2291 1494 2323 (r
