1573 2508
128 63 211 105 256
605 57 691 93 XXI
719 62 770 100 13,
798 60 942 100 13—14,
967 61 987 92 5

130 160 221 199 tam
266 156 511 198 adiumenta
560 151 765 194 caelestia
815 151 1080 193 coercebunt.
1157 150 1221 191 13.
1271 147 1476 202 Iulianus,

134 230 271 270 quem,
304 214 403 255 dum
436 211 829 253 circumfrementes
849 209 1073 264 Illyricum
1091 208 1287 250 nationes
1309 210 1476 249 exteras

132 272 405 328 oppugnatis,
437 270 606 312 tuendis
638 269 920 323 praefecimus
953 267 1120 321 Galliis,
1159 267 1319 308 leuium
1351 265 1478 308 confi-

133 332 279 374 dentia
309 330 584 385 proeliorum,
617 343 724 383 quae
758 342 851 369 cum
886 326 1112 368 Germanis
1144 326 1291 380 gessit,
1323 339 1479 366 semer-

134 390 276 431 mibus
310 392 357 431 ut
389 403 537 430 uecors
570 388 720 440 elatus,
759 386 934 427 adscitis
971 385 1016 426 in
1048 384 1297 426 societatem
1336 395 1513 438 super-5

133 449 235 490 bam
267 447 547 490 auxiliaribus
579 446 738 500 paucis,
769 445 942 486 feritate
981 457 1138 498 speque
1176 445 1396 496 postrema
1426 441 1479 484 ad

135 507 418 562 perniciosam
458 505 679 547 audaciam
718 504 950 558 promptis,
987 503 1031 543 in
1067 516 1226 543 noxam
1262 500 1481 556 publicam

135 565 413 620 conspirauit,
446 565 663 619 aequitate
685 563 860 615 calcata,
892 564 1067 616 parente
1087 560 1337 614 nutriceque
1364 558 1480 600 orbis

135 624 334 678 Romani,
367 639 495 678 quam
515 625 730 664 tumentes
758 622 934 675 spiritus
954 624 1175 674 tamquam
1196 618 1369 660 fauillas
1390 631 1482 659 esse

135 683 347 725 facturam
380 683 530 724 deinde
562 684 610 722 ut
642 681 821 721 sceleste
854 679 1066 720 factorum
1098 677 1295 719 ultricem
1323 680 1366 718 et
1391 676 1482 731 ipse
1504 689 1536 715 ιο

138 744 338 795 expertus
372 744 414 782 et
446 741 622 782 docente
656 739 915 793 antiquitate
946 738 1073 779 facile
1107 736 1242 778 credo.

262 801 325 841 14.
359 800 470 849 Quid
503 800 637 854 igitur
671 800 877 853 superest,
908 797 993 838 nisi
1026 799 1074 837 ut
1099 794 1346 837 turbinibus
1378 793 1485 835 exci-

139 859 196 900 tis
230 873 521 911 occurramus,
561 857 872 899 subcrescentis
910 855 1074 897 rabiem
1112 853 1217 895 belli
1255 855 1486 907 antequam

138 919 348 972 pubescat
381 917 577 971 ualidius,
610 915 843 958 celeritatis
864 913 1063 955 remediis
1090 910 1365 967 oppressuri?
1408 924 1486 952 nec

142 977 256 1018 enim
290 976 479 1030 dubium,
510 976 657 1017 fauore
689 974 877 1015 numinis
911 973 1067 1014 summi
1099 974 1336 1025 praesente,
1368 969 1486 1011 cuius
1507 974 1541 1009 16

140 1035 315 1089 perenni
361 1034 566 1088 suffragio
611 1034 868 1074 damnantur
913 1031 1094 1086 ingrati,
1145 1031 1306 1070 ferrum
1355 1028 1486 1082 impie
1536 1031 1538 1033 ’

140 1096 444 1148 praeparatum
479 1093 529 1134 ad
563 1106 710 1134 eorum
742 1090 966 1132 interitum
1000 1104 1091 1131 esse
1118 1088 1382 1140 uertendum,
1415 1086 1487 1141 qui

141 1166 229 1194 non
259 1152 449 1193 lacessiti
471 1152 542 1193 sed
563 1151 677 1192 aucti
709 1149 926 1191 beneficiis
946 1148 1142 1203 pluribus
1168 1147 1220 1188 ad
1252 1145 1489 1187 insontium

141 1211 333 1266 pericula
365 1214 651 1252 surrexerunt.
717 1209 781 1250 15.
801 1211 850 1250 ut
882 1207 995 1249 enim
1027 1221 1122 1248 mea
1154 1220 1272 1247 mens
1305 1205 1490 1259 augurat

143 1270 398 1324 iustitiaque
430 1270 559 1311 rectis
593 1267 785 1310 consiliis
807 1267 1007 1308 adfutura
1039 1264 1269 1319 promittit,
1302 1262 1489 1318 spondeo
1509 1275 1543 1302 80

145 1328 269 1384 quod,
308 1329 343 1369 si
376 1331 553 1369 uentum
591 1327 720 1368 fuerit
753 1326 1004 1379 comminus,
1049 1325 1111 1365 ita
1155 1337 1314 1378 pauore
1351 1325 1492 1376 torpe-

146 1390 278 1441 scent,
311 1389 358 1428 ut
389 1402 465 1428 nec
488 1387 708 1428 oculorum
743 1388 986 1426 uestrorum
1019 1384 1215 1424 uibratae
1243 1381 1352 1422 lucis
1373 1379 1492 1421 ardo-

145 1461 235 1487 rem
268 1460 343 1487 nec
375 1446 563 1487 barritus
598 1459 749 1487 sonum
783 1443 1002 1498 perferant
1033 1441 1243 1496 primum.‘'

268 1505 332 1545 16.
351 1503 509 1545 Omnes
531 1507 630 1559 post
644 1504 747 1545 haec
763 1503 877 1544 dicta
890 1503 933 1543 in
955 1501 1214 1542 sententiam
1235 1499 1350 1540 ibant
1371 1512 1493 1539 suam

146 1563 378 1617 hastasque
421 1563 642 1604 uibrantes
683 1562 782 1603 irati
823 1564 922 1615 post
962 1559 1112 1613 multa,
1154 1572 1261 1612 quae
1293 1555 1493 1598 beniuole
1513 1567 1548 1594 25

146 1622 466 1676 responderant,
503 1622 707 1676 petebant
745 1620 841 1661 duci
881 1634 924 1659 se
963 1618 1159 1672 protinus
1200 1617 1244 1657 in
1276 1614 1495 1657 rebellem.

148 1695 233 1735 qua
273 1680 415 1734 gratia
454 1681 498 1722 iu
538 1680 752 1722 laetitiam
797 1679 1032 1732 imperator
1076 1691 1224 1718 uersus
1271 1690 1319 1716 ex
1365 1676 1495 1727 metu,

148 1739 346 1781 contione
380 1753 476 1780 mox
499 1740 710 1792 absoluta,
742 1737 1017 1778 Arbitionem
1045 1739 1144 1777 ante
1165 1734 1272 1776 alios
1305 1733 1495 1774 faustum

149 1798 201 1839 ad
239 1798 446 1839 intestina
484 1798 600 1840 bella
631 1797 817 1839 sedanda
849 1811 898 1836 ex
938 1798 1036 1836 ante
1075 1794 1183 1835 actis
1222 1793 1307 1833 iam
1347 1791 1496 1844 sciens,

150 1857 232 1898 iter
265 1872 388 1898 suum
419 1858 587 1910 praeire
620 1871 716 1898 cum
737 1854 982 1897 Lanceariis
1015 1857 1057 1894 et
1089 1851 1324 1894 Mattiariis
1357 1852 1400 1891 et
1432 1863 1496 1890 ca-

149 1916 284 1957 teruis
330 1917 623 1969 expeditorum
667 1914 897 1969 praecepit,
941 1916 983 1954 et
1021 1927 1116 1953 cum
1156 1910 1302 1952 Laetis
1346 1908 1498 1950 itidem

243 2077 290 2111 *8
315 2076 454 2110 calcate
486 2076 519 2110 V
569 2078 616 2110 *9
648 2076 835 2109 tumentes
866 2072 1016 2117 spiritus
1046 2073 1238 2114 tamquam
1274 2069 1410 2113 1‘'1’bya
1433 2078 1501 2102 om.

150 2120 328 2166 Eyssenh.
377 2121 524 2155 fauillas
550 2131 586 2155 se
614 2121 869 2162 facturamque
901 2117 1005 2151 VAP
1034 2115 1182 2150 fauillas
1213 2114 1428 2149 effecturam
1459 2112 1502 2157 by

152 2165 299 2200 fauillas
325 2166 412 2200 istas
438 2166 648 2200 efflaturam
673 2164 848 2209 Eysseuh.
906 2167 945 2196 10
982 2159 1125 2195 ›erindc
1144 2159 1321 2203 Eyssenh.
1346 2157 1500 2192 sceleste

153 2210 335 2245 factorum
365 2211 535 2255 Eyssenh.
562 2209 716 2244 sceleste
742 2208 926 2242 laetorum
980 2205 1088 2239 GAP
1129 2209 1169 2239 19
1195 2213 1361 2239 mensam
1386 2213 1500 2246 augu-

154 2256 213 2290 rat
229 2254 296 2289 VP
341 2259 384 2289 ‘23
411 2255 572 2289 nai-ritus
590 2254 624 2288 V
644 2253 834 2288 uaritusP
881 2256 923 2286 24
946 2250 1054 2285 ibant
1077 2250 1164 2284 add.
1182 2249 1312 2292 Haupt
1337 2246 1504 2281 traxerat

157 2300 190 2334 G
203 2310 270 2334 om.
289 2300 392 2336 codd.
440 2304 482 2334 25
496 2299 677 2334 beneuole
695 2299 764 2333 GA
778 2296 964 2340 deneiubu
987 2295 1030 2337 V)
1051 2294 1132 2329 oloe
1155 2294 1220 2329 ΥΡ
1238 2293 1284 2328 de
1297 2291 1467 2326 Meneloe
1483 2291 1503 2326 b

155 2348 196 2380 ‘27
223 2357 335 2388 quani
359 2345 518 2389 gratiam
553 2344 616 2378 ΓΡ
691 2347 733 2377 ’28
752 2342 975 2376 arbitionem
1006 2339 1088 2373 V¹G
1112 2338 1355 2373 arbetionem‘
1372 2336 1406 2370 V
1408 2335 1505 2370 ²Pba
