1573 2508
106 73 191 116 224
642 69 710 105 XX
735 76 786 114 11,
818 73 947 106 13-20

107 170 454 222 oppugnatorum
493 166 536 207 ui
568 167 612 207 et
641 165 903 208 firmitudine
941 180 1108 208 summa
1139 163 1453 216 defensabatur,

107 227 324 268 tormenta
354 225 492 266 nihilo
526 224 664 266 minus
697 227 740 266 et
770 224 961 279 lapidum
987 224 1194 267 crebritas
1215 226 1343 279 atque
1362 222 1454 265 fun·

108 285 260 326 darum
303 298 354 325 ex
390 285 571 338 utraque
621 287 743 338 parte
792 283 1002 338 plurimos
1047 283 1367 337 consumebant,
1410 283 1454 324 et

111 356 318 397 aggerum
363 342 498 384 moles
549 343 823 385 incrementis
868 343 1077 384 celeribus
1127 341 1455 396 consurgebant,

110 402 334 455 acriorque
379 401 423 442 in
461 401 550 442 dies
589 401 862 444 adulescebat
893 401 1073 455 obsidio,
1111 400 1258 442 multis
1289 401 1491 442 nostro-⁶

109 474 206 501 rum
237 459 394 501 idcirco
427 460 689 515 cadentibus,
720 461 830 516 quod
861 460 1134 502 decernentes
1166 459 1245 501 sub
1277 458 1457 513 impera-

111 519 218 560 toris
252 521 482 574 conspectu
512 532 580 573 spe
610 520 911 574 praemiorum,
942 522 991 561 ut
1020 519 1189 573 possint
1227 517 1352 559 facile
1385 516 1458 571 qui

112 579 256 619 essent
293 578 485 632 agnosci,
524 578 733 620 nudantes
773 579 909 633 galeis
949 578 1092 632 capita
1134 576 1459 632 sagittariorum

112 635 336 678 hostilium
368 637 523 690 peritia
554 636 851 679 fundebantur.
904 637 968 679 13.
988 636 1114 690 proin
1134 636 1222 678 dies
1244 637 1287 677 et
1310 636 1457 676 noctes

112 695 269 736 intenti
312 695 476 749 uigiliis
522 696 733 737 cautiores
778 698 942 738 stantes
986 695 1215 750 utrubique
1260 694 1459 749 agebant.
1480 705 1512 730 10
1560 707 1565 744 ς

114 755 158 794 et
188 752 344 794 Persae
366 767 574 809 aggerum
596 755 822 797 altitudine
855 755 940 796 iam
973 755 1018 796 in
1049 754 1232 796 sublime
1264 754 1461 808 porrecta

114 811 421 866 machinaeque
454 813 642 868 ingentis
675 814 852 856 horrore
884 813 1082 868 perculsi,
1114 827 1242 868 quam
1274 811 1461 853 minores

115 884 283 925 quoque
321 872 621 927 sequebantur,
660 888 805 915 omnes
845 886 1020 914 exurere
1057 872 1101 913 111
1139 871 1326 913 maxima
1356 869 1463 911 nite-

114 929 272 970 bantur
305 932 347 970 et
367 930 540 973 adsidue
561 932 786 973 malleolos
808 934 935 986 atque
967 930 1229 972 incendiaria
1259 929 1348 972 tela
1377 930 1463 970 tor-

116 990 293 1042 quentes
338 988 598 1032 laborabant
640 991 684 1032 in
728 1005 894 1032 cassum
938 1005 988 1031 ea
1030 1004 1088 1043 re,
1132 989 1243 1044 quod
1281 987 1461 1030 umectis
1483 992 1544 1026 15*

116 1046 269 1087 scortis
314 1049 357 1087 et
401 1050 652 1091 centonibus
690 1052 812 1091 erant
849 1051 1022 1103 opertae
1061 1048 1263 1090 materiae
1307 1047 1462 1101 plures,

117 1104 228 1146 aliae
261 1107 414 1147 unctae
448 1107 633 1150 alumine
665 1108 908 1163 diligenter,
945 1110 994 1149 ut
1024 1107 1138 1162 ignis
1170 1107 1217 1148 in
1248 1121 1318 1148 eas
1349 1104 1463 1147 labe-

116 1165 236 1205 retur
267 1163 476 1207 innoxius.
531 1167 595 1208 14.
614 1181 763 1209 uerum
794 1167 872 1208 has
905 1166 1179 1208 admouentes
1211 1163 1463 1207 fortitudine

117 1235 274 1276 magna
294 1222 479 1265 Romani
512 1225 613 1268 licet
643 1226 818 1268 difficile
850 1226 1143 1279 defensabant,
1174 1227 1320 1266 tamen
1352 1222 1464 1277 cupi-

119 1281 253 1322 ditate
296 1283 492 1336 potiundi
536 1285 682 1340 oppidi
720 1300 773 1327 ne
815 1287 1016 1340 prompta
1060 1284 1230 1340 quidem
1273 1281 1466 1338 pericula
1485 1293 1518 1320 20

119 1341 455 1383 contremebant.
520 1344 584 1385 15.
617 1347 659 1386 et
691 1348 840 1386 contra
871 1347 1214 1399 propugnatores
1247 1357 1342 1384 cum
1380 1341 1466 1382 iam

119 1398 384 1441 discussurus
430 1402 582 1444 turrim
627 1405 868 1458 oppositam
910 1404 1020 1445 aries
1065 1402 1274 1444 maximus
1315 1400 1467 1442 aduen-

119 1459 243 1511 taret,
273 1459 590 1511 prominentem
615 1463 703 1504 eius
725 1463 907 1504 ferream
940 1463 1138 1515 frontem,
1171 1474 1278 1515 quae
1299 1473 1344 1500 re
1364 1472 1467 1500 uera

119 1515 301 1557 formam
323 1517 493 1573 effingit
513 1521 673 1575 arietis,
705 1525 797 1563 arte
825 1521 975 1563 subtili
1007 1521 1298 1574 inlaqueatam
1319 1517 1467 1560 altrin-

121 1588 240 1616 secus
280 1575 448 1618 laciniis
487 1579 699 1621 retinuere
738 1581 1017 1635 longissimis,
1054 1594 1106 1621 ne
1145 1576 1464 1632 retrogradiens
1485 1587 1519 1613 25

121 1638 357 1675 resumeret
394 1636 520 1691 uires,
558 1653 664 1680 neue
703 1639 832 1680 ferire
870 1653 1013 1680 muros
1053 1637 1292 1680 adsultibus
1325 1633 1466 1677 densis

120 1693 515 1746 contemplabiliter
546 1700 705 1752 posset,
743 1698 967 1739 fundentes
1001 1711 1168 1752 quoque
1205 1692 1467 1737 feruentissi-

120 1764 235 1791 mam
267 1751 416 1804 picem.
479 1758 521 1796 et
553 1756 623 1798 diu
656 1761 876 1810 promotae
910 1757 1131 1798 machinae
1163 1754 1348 1806 stabant,
1379 1766 1469 1792 mu-

122 1809 232 1850 ralia
264 1825 367 1852 saxa
398 1814 661 1866 perferentes
695 1818 737 1856 et
768 1816 867 1858 tela.

126 2039 133 2044 ·
216 2000 231 2030 1
258 2007 324 2040 pro
339 1999 578 2042 Juguatorum
607 1999 640 2033 G
685 2001 722 2034 ui
748 2003 786 2035 et
813 2001 845 2034 G
870 2001 998 2035 ueniet
1027 1999 1139 2034 VPba
1186 2003 1205 2032 5
1230 1998 1268 2032 in
1293 1996 1372 2031 dies
1399 1995 1471 2030 GA

123 2050 161 2072 111
187 2039 246 2074 die
281 2009 385 2093 Vi’b·
425 2047 442 2077 ’ἲ
469 2054 533 2088 spe
561 2044 593 2078 G
618 2055 684 2079 om.
715 2045 827 2080 VPba
898 2050 939 2080 10
962 2045 1097 2080 intenti
1125 2044 1159 2077 G
1183 2043 1327 2077 intente
1357 2039 1471 2075 VPba

123 2085 289 2134 agebant
312 2089 445 2131 scripsi
469 2088 657 2123 faciebant
680 2090 783 2125 codd.
861 2095 900 2125 12
925 2090 1089 2135 ingentis
1113 2089 1157 2131 bq
1181 2089 1377 2132 iungentes
1404 2084 1472 2119 VP

126 2133 168 2164 14
204 2131 408 2166 mccndiari
461 2132 527 2167 VP
628 2138 666 2168 16
701 2136 830 2170 scortis
863 2135 932 2169 GA
965 2135 1074 2170 cortis
1115 2126 1183 2168 VP
1218 2130 1415 2167 corticibus
1450 2129 1471 2163 b

127 2177 168 2208 17
194 2176 326 2209 unctae
352 2178 420 2221 hya
446 2179 544 2213 nicto
577 2179 642 2213 VP
704 2180 894 2215 laberetur
920 2180 952 2215 G
978 2180 1168 2214 lauaretur
1198 2177 1263 2211 VP
1288 2174 1472 2210 lamberet

125 2219 168 2253 ba
267 2224 305 2255 18
330 2222 573 2258 admouentes
600 2225 632 2258 G
665 2226 703 2259 ct
734 2226 907 2260 mouente
939 2225 1051 2259 VI’ba
1146 2226 1185 2257 19
1215 2223 1342 2256 tamen
1373 2219 1412 2253 et
1437 2217 1471 2252 G

125 2268 166 2298 21
195 2267 478 2302 contremcbaut
501 2269 582 2303 Lan
612 2280 652 2303 cn
680 2270 973 2304 contemncliant
1000 2268 1032 2302 V
1054 2265 1344 2303 contemnebant
1366 2263 1471 2308 Pbya

124 2312 167 2342 24
194 2309 335 2344 cffincit
364 2311 397 2344 V
418 2313 532 2347 efficit
555 2314 590 2347 1’
613 2325 635 2347 a
705 2319 748 2350 25
776 2315 919 2349 laciniis
946 2314 980 2349 G
1010 2313 1184 2348 laticiniis
1213 2309 1316 2345 VAP
1346 2318 1412 2345 om.
1451 2307 1472 2342 b

125 2356 166 2388 27
193 2364 341 2399 ‘1¹¹0‘111e
369 2357 401 2392 G
427 2369 497 2401 quc
523 2357 633 2393 VI'ba
703 2364 746 2394 ‘29
770 2370 859 2394 saxa
882 2359 1040 2393 muralia
1063 2361 1203 2403 transp.
1219 2355 1326 2399 Pbya
