1573 2508
1540 55 1559 75 ’,ιη

1545 74 1563 92 ss

181 112 265 153 312
671 109 794 145 XXIII
819 114 850 153 3,
877 113 977 152 7-4,
1002 113 1022 144 6

183 204 441 246 exclamauit
472 203 773 258 plaudentibus
805 203 1013 258 proximis
1034 202 1273 257 ‘Babylona
1295 201 1415 244 humi
1434 217 1531 257 pro-v

183 263 335 304 cidisse
375 262 639 303 ornamentis
679 262 878 304 omnibus
911 261 1166 316 spoliatam.’
1230 262 1267 303 7.
1299 264 1342 303 et
1371 215 1566 315 paulis-,i

182 336 257 375 per
290 321 505 375 detentus,
547 324 596 362 ut
627 335 752 362 omen
789 335 865 374 per
907 320 1073 362 hostias
1118 319 1281 361 litando
1325 319 1564 375 firmaretff'

186 380 408 421 Dauanam
438 379 559 421 uenit
590 382 732 421 castra
762 379 1053 433 praesidiaria,
1091 378 1200 419 unde
1233 381 1351 420 ortus
1384 377 1529 420 Belias

183 438 335 480 fluuius
380 438 571 479 funditur
616 439 661 479 in
703 437 968 492 Euphraten.
1029 437 1100 478 hic
1144 436 1393 490 corporibus
1431 436 1558 487 cibor

183 497 340 538 curatis
374 500 416 538 et
449 497 602 552 quiete,
634 496 842 551 postridie
875 499 1049 537 uentum
1081 498 1146 536 est
1178 495 1230 536 ad
1262 493 1559 550 Callinicum„

182 555 494 597 munimentum
525 556 749 596 robustum
771 557 813 596 et
844 554 1154 596 commercandi
1181 553 1404 607 opimitate
1436 550 1567 625 gra-34

181 614 409 667 tissimum,
441 614 514 655 ubi
547 614 659 655 diem
692 617 857 655 sextum
890 613 1097 655 kalendas
1129 613 1308 665 Apriles,
1342 626 1425 666 quo
1445 610 1530 653 Ro·
1561 618 1566 623 '

181 687 277 714 mae
318 672 450 714 Matri
489 673 663 714 deorum
707 686 889 726 pompae
933 672 1203 713 celebrantur
1247 670 1442 724 annales,
1487 671 1531 712 et
1568 690 1569 693 ¹

183 734 445 785 carpentum,
490 746 572 785 quo
618 731 788 772 uehitur
832 731 1119 783 simulacrum,
1163 729 1361 770 Almonis
1404 727 1537 770 undis'

183 789 301 831 ablui
344 789 607 844 perhibetur,
649 804 866 831 sacrorum
906 789 1196 830 sollemnitate
1235 787 1375 842 prisco
1416 801 1532 829 more

182 848 393 902 conpleta,
425 863 574 889 somno
607 863 682 902 per
715 848 851 889 otium
884 851 1009 901 capto
1032 847 1228 889 exultans
1260 845 1532 900 pernoctauit

182 910 225 948 et
257 907 408 948 laetus.
472 907 508 948 8.
541 907 635 948 lucc
672 921 773 948 uero
819 909 964 947 secuta
1006 905 1222 960 profectus
1263 904 1412 946 exinde
1456 918 1532 958 per

182 966 411 1019 supercilia
443 966 631 1019 riparum
664 965 902 1006 fluuialium
936 965 1057 1019 aquis
1084 963 1426 1005 adulescentibus
1458 927 1573 1012 uni

182 1023 308 1078 dique
341 1024 542 1065 conuenis
581 1038 676 1065 cum
714 1024 930 1077 armigera
967 1023 1166 1077 gradiens
1205 1036 1333 1063 manu
1371 1021 1415 1062 in
1448 1020 1573 1070 sta-fu

179 1082 298 1123 tione
336 1082 520 1136 quadam
562 1083 639 1123 sub
678 1082 863 1136 pellibus
903 1081 1072 1135 mansit,
1111 1081 1185 1122 ubi
1223 1080 1549 1122 Saracenarum⁴

180 1141 320 1195 reguli
354 1141 547 1195 gentium
580 1141 761 1195 genibus
795 1140 1009 1194 supplices
1040 1140 1130 1181 nixi
1163 1139 1311 1181 oblata
1343 1153 1393 1180 ex
1425 1152 1554 1197 aum,

181 1213 340 1241 corona
371 1202 592 1254 tamquam
612 1199 758 1240 mundi
790 1199 1097 1253 nationumque
1119 1212 1292 1239 suarum
1312 1197 1557 1248 dominumpi

181 1258 423 1310 adorarunt,
455 1258 641 1312 suscepti
675 1260 898 1312 gratanter
917 1259 965 1298 ut
997 1257 1049 1298 ad
1081 1256 1197 1298 furta
1227 1256 1441 1297 bellorum
1461 1252 1573 1302 affl-'12

179 1316 324 1369 positi.
387 1316 425 1357 9.
447 1316 630 1371 dumque
656 1316 736 1357 hos
760 1316 1016 1370 adloquitur,
1048 1315 1202 1356 Xerxis
1235 1314 1352 1356 illius
1383 1315 1558 1368 poten-

179 1374 338 1415 tissimi
369 1375 485 1429 regis
525 1376 674 1428 instar,
712 1375 861 1416 classis
900 1374 1075 1415 aduenit
1111 1374 1284 1414 tribuno
1325 1371 1530 1414 Constan-
1559 1392 1567 1400 ·=

179 1433 300 1474 tiano
334 1448 430 1474 cum
451 1434 606 1475 comite
628 1433 869 1474 Lucilliano
891 1433 1104 1486 ductante,
1136 1447 1243 1486 quae
1270 1431 1529 1472 latissimum
1553 1437 1562 1485 ζ

180 1491 339 1533 flumen
370 1491 623 1546 Euphraten
663 1492 845 1544 artabat,
886 1492 932 1532 in
964 1506 1047 1545 qua
1078 1490 1197 1531 mille
1230 1492 1352 1531 erant
1384 1503 1530 1530 onera·
1548 1495 1560 1523 ἰ

179 1550 268 1591 riae
318 1564 449 1591 naues
502 1565 552 1591 ex
602 1550 772 1591 diuersa
820 1550 942 1591 trabe
987 1550 1217 1602 confectae,
1267 1550 1528 1589 commeatus
1555 1563 1573 1592 ,’

181 1608 348 1649 abunde
379 1608 564 1650 ferentes
587 1612 628 1649 ct
660 1609 749 1649 tela
769 1610 812 1649 et
832 1608 1118 1649 obsidionales
1139 1606 1378 1659 machinam
1411 1606 1528 1660 quin-
1571 1658 1573 1664 Ι

181 1667 391 1721 quaginta
424 1667 535 1708 aliae
568 1667 815 1708 bellatrices
854 1666 1120 1720 totidemque
1160 1666 1212 1706 ad
1245 1664 1530 1719 conpaginan-
1572 1681 1573 1696 1

179 1725 254 1766 dos
287 1726 552 1767 necessariae
585 1728 749 1779 pontes.
1540 1728 1573 1780 J

298 1782 340 1825 4.
366 1785 401 1824 1.
432 1783 495 1824 Re
528 1784 622 1837 ipsa
655 1784 897 1836 admoneor,
928 1783 1130 1836 breuiter,
1163 1784 1369 1836 quantum
1401 1780 1529 1822 metli-

180 1856 276 1883 ocre
298 1845 442 1895 potest
463 1843 684 1896 ingenium
704 1842 809 1883 haec
830 1842 1212 1882 instrumentorum
1234 1854 1392 1895 genera
1410 1840 1530 1894 igno-

180 1901 376 1942 rantibus
410 1901 729 1954 circumscripte
763 1903 1019 1951 monstrar03
1065 1902 1107 1940 et
1150 1899 1351 1940 ballistae
1389 1898 1542 1967 figura]

180 1959 402 2000 docebitur
433 1960 584 2013 prima.
646 1960 805 2000 ferrum
845 1959 957 1999 inter
990 1958 1180 1999 axiculos
1213 1958 1318 1999 duos
1358 1955 1545 2010 firmum3
1571 1966 1573 1972 ’

180 2018 495 2071 conpaginatur
540 2021 581 2058 et
625 2021 795 2058 uastum
840 2017 884 2057 in
929 2016 1101 2057 modum
1139 2016 1313 2070 regulae
1351 2014 1528 2056 maioris

271 2165 286 2194 1
342 2160 516 2194 rocidissc
548 2160 667 2194 V²GA
692 2159 916 2204 praecidisse
948 2159 990 2192 V¹
1039 2163 1058 2193 ὅ
1084 2159 1165 2194 cibo
1191 2170 1256 2193 cur
1280 2159 1380 2193 misit
1402 2158 1528 2202 quiete

183 2204 251 2240 VP
276 2205 308 2238 ci
338 2215 358 2238 o
386 2206 558 2239 accurate
584 2204 733 2239 refectis
759 2205 826 2248 hya
895 2208 914 2238 6
940 2203 1146 2238 callinisum
1178 2203 1313 2248 VPbgya
1375 2207 1395 2237 8
1420 2204 1528 2247 Apri-

177 2249 233 2283 les
272 2250 427 2284 inseruit
460 2249 648 2293 Kiessliny
684 2249 776 2291 (coll.
812 2248 850 2283 G.
877 2249 910 2282 Ι.
935 2248 969 2282 L
1006 2249 1031 2282 Ι
1049 2259 1087 2291 p.
1111 2249 1193 2291 390)
1287 2252 1328 2282 10
1352 2246 1530 2282 salmonis

184 2294 251 2329 VP
311 2298 349 2328 11
373 2293 610 2328 sollennitate
642 2293 757 2337 Vssbya
782 2292 980 2327 sollicitate
1012 2292 1094 2327 V¹P
1139 2296 1204 2327 *21
1233 2292 1431 2328 Constiano
1461 2290 1530 2326 VP

179 2342 218 2373 24
258 2339 450 2374 confectae
487 2338 686 2373 Mommsen
724 2337 869 2382 (Herm.
910 2337 962 2371 VI
991 2348 1033 2381 p.
1058 2338 1150 2380 240)
1182 2337 1374 2372 contectae
1417 2335 1570 2379 VPba„

179 2385 374 2418 contextae
403 2384 436 2417 G
1543 2375 1573 2508 ,ιὶ

1542 2464 1552 2508 l
