1573 2508
96 60 180 103 230
603 56 704 92 xxu
731 59 763 100 8,
788 59 923 92 26—37
949 29 954 31 ³

215 153 282 194 26.
315 153 505 202 Quorum
544 154 643 205 post
680 155 805 205 terga
836 149 1080 193 Cimmerici
1119 151 1290 205 agitant
1329 151 1440 192 ineo-

97 212 163 253 lae
208 211 404 264 Bospori,
447 210 521 251 ubi
565 209 761 250 Milesiae
806 212 905 251 sinit
949 209 1166 263 ciuitates,
1205 209 1441 263 harumque

97 271 217 312 uelut
249 272 386 311 mater
419 269 609 310 omnium
642 268 988 322 Panticapaeum,
1027 283 1154 322 quam
1185 267 1443 322 perstringit

98 328 296 383 Hypanis
329 327 482 368 fluuius
516 326 711 380 genuinis
751 327 1037 368 intumescens
1076 326 1197 381 aquis
1235 330 1279 367 et
1309 328 1443 367 exter-

97 387 177 428 nis.
238 386 307 427 27.
339 385 567 427 itineribus
598 384 697 426 hinc
731 386 916 427 extensis
950 385 1189 426 Amazones
1223 384 1275 426 ad
1306 398 1439 438 usque
1459 395 1476 424 5

100 443 303 499 Caspium
347 459 463 486 mare
507 446 727 498 porrectae
778 443 1085 485 circumcolunt
1136 443 1320 496 Tanain,
1371 441 1442 496 qui

100 504 212 546 inter
244 501 472 545 Caucasias
506 503 647 543 oriens
679 517 804 556 rupes
836 517 912 556 per
945 502 1140 543 sinuosos
1173 501 1334 543 labitur
1366 501 1444 541 cir-

101 561 344 615 cumflexus,
376 561 612 616 Asiamque
646 561 947 602 disterminans
981 561 1033 602 ab
1066 561 1252 614 Europa,
1285 560 1328 600 in
1361 561 1445 599 sta-

101 621 198 675 gnis
242 619 467 661 Maeoticis
512 620 736 661 delitescit.
810 619 878 661 28.
921 619 1019 660 huic
1063 619 1129 660 Ra
1173 618 1338 660 uicinus
1379 619 1445 658 est

102 679 251 732 amnis,
289 679 334 719 in
373 679 490 719 cuius
529 678 768 732 superciliis
802 678 1010 732 quaedam
1048 677 1306 731 negetabilis
1339 675 1446 717 eius-
1467 691 1501 716 10

101 738 197 778 dem
228 738 414 778 nominis
447 737 641 790 gignitur
674 737 813 789 radix,
852 737 1078 790 proficiens
1118 737 1169 777 ad
1207 750 1308 776 usus
1340 734 1446 775 111111-

102 796 273 849 tiplices
308 795 582 836 medelarum.
1025 835 1030 839 ,

220 854 288 894 29.
321 853 451 894 Vltra
483 853 649 894 Tanain
679 853 924 906 panduntur
962 853 1006 893 in
1043 852 1314 894 latitudinem
1348 851 1448 893 Sau-

102 915 306 965 romatae,
338 926 414 965 per
447 926 552 965 quos
586 926 731 952 amnes
764 912 901 952 fluunt
933 911 1129 965 perpetui
1156 910 1373 952 Marabius
1406 911 1449 950 et

102 969 332 1012 Rombitus
372 973 414 1011 et
453 969 757 1023 Theophanius
796 972 838 1011 et
876 969 1156 1011 Totordanes.
1218 969 1318 1010 licet
1362 967 1449 1009 alia
1469 984 1501 1010 15

105 1043 271 1083 quoque
315 1028 478 1069 distans
523 1028 767 1069 inmanibus
812 1028 1053 1069 interuallis
1096 1027 1448 1069 Sauromatarum

104 1086 397 1140 praetenditur
435 1087 554 1127 natio
593 1086 713 1127 litori
752 1086 915 1140 iuncta,
955 1086 1066 1140 quod
1099 1085 1287 1127 Coracen
1319 1085 1447 1126 susci·

104 1145 224 1198 piens
258 1145 435 1186 fluuium
468 1145 513 1186 in
544 1159 703 1198 aequor
735 1145 890 1186 eiectat
922 1148 1171 1186 extremum.

224 1204 290 1245 30.
324 1203 463 1257 Prope
503 1204 627 1257 palus
666 1206 731 1244 est
762 1202 945 1244 Maeotis
985 1203 1241 1257 amplissimi
1274 1203 1449 1243 circum-

105 1275 292 1317 gressus,
324 1276 374 1303 ex
407 1262 526 1302 cuius
559 1262 787 1303 uberrimis
819 1262 938 1303 uenis
976 1277 1052 1315 per
1083 1261 1339 1315 Panticapes
1379 1275 1449 1302 an·
1469 1277 1505 1303 20

105 1321 271 1375 gustias
316 1320 523 1361 undarum
569 1321 822 1374 magnitudo
872 1320 1115 1374 prorumpit
1162 1321 1208 1361 ‘in
1251 1319 1451 1373 Pontum,

106 1379 224 1420 cuius
268 1379 313 1419 in
358 1379 506 1420 dextro
555 1379 690 1420 latere
735 1379 900 1420 insulae
947 1382 1045 1420 sunt
1083 1378 1364 1432 Phanagorus
1409 1382 1452 1419 et

104 1436 399 1479 Hermonassa
437 1438 579 1478 studio
613 1439 882 1478 constructae
915 1438 1190 1478 Graecorum.
1251 1437 1319 1477 31.
1340 1436 1452 1477 circa

106 1495 208 1537 haec
243 1499 398 1549 stagna
430 1496 585 1537 ultima
606 1496 849 1550 extimaque
880 1496 1024 1550 plures
1057 1495 1257 1536 habitant
1289 1498 1451 1549 gentes‘,

107 1569 351 1595 sermonum
390 1554 773 1609 institutorumque
811 1554 1020 1595 uarietate
1053 1553 1293 1607 disparileS,
1331 1552 1505 1595 laxa-25

106 1615 247 1654 matae
281 1616 323 1653 et
356 1611 551 1654 Maeotae
584 1616 626 1653 et
661 1613 848 1667 lazyges,
886 1612 1183 1666 Roxolanique
1216 1615 1260 1652 et
1291 1611 1451 1652 Halani

107 1674 150 1712 et
170 1670 519 1712 Melanchlaenae
541 1675 583 1712 et
613 1686 707 1711 cum
729 1671 905 1711 Gelonis
927 1670 1181 1725 Agathyrsi,
1215 1670 1324 1724 apud
1346 1684 1451 1724 quos

107 1729 347 1771 adamantis
392 1733 457 1770 est
501 1730 623 1783 copia
669 1729 842 1783 lapidis:
893 1729 1051 1784 aliique
1091 1729 1206 1770 ultra
1256 1729 1452 1781 latentes,

108 1788 219 1841 quod
263 1790 363 1828 sunt
407 1788 596 1828 omnium
640 1788 912 1841 penitissimi.
981 1788 1048 1829 32.
1093 1787 1166 1828 sed
1210 1786 1451 1828 Maeotidos

107 1845 233 1886 lateri
279 1846 401 1887 laeuo
448 1845 739 1887 Cherronesus
785 1850 851 1887 est
895 1846 1146 1900 propinqua,
1188 1846 1452 1887 coloniarum
1472 1862 1507 1888 so

107 1904 234 1958 plena
255 1903 526 1946 Graecarum.
582 1905 690 1945 unde
713 1905 847 1959 quieti
881 1908 981 1946 sunt
1011 1905 1207 1945 homines
1229 1906 1271 1945 et
1303 1904 1453 1957 sedati,

196 2063 215 2092 3
254 2059 461 2093 ·›erstrin‹rit
490 2059 657 2103 Hypanis
688 2059 853 2094 1¹'ctlese'us
895 2058 1216 2104 vergcgythyfanis
1252 2058 1320 2092 VP
1349 2069 1453 2093 *rae-

105 2103 201 2138 texit
214 2071 383 2147 Illy-panis
408 2105 431 2137 ι’
485 2109 522 2138 14
540 2103 727 2138 Marabius
743 2104 874 2147 scripsi
911 2103 1080 2138 {araceus
1104 2103 1208 2137 VGP
1261 2108 1302 2138 15
1320 2102 1352 2137 R
1379 2113 1454 2137 om—

105 2147 206 2183 bitus
247 2149 282 2182 Α
327 2148 545 2182 Rhombites
584 2149 616 2183 G
663 2148 833 2183 rombitis
874 2148 908 2182 V
995 2148 1189 2182 theofanes
1230 2147 1262 2181 V
1365 2147 1456 2182 licet

107 2192 210 2227 codd.
246 2191 392 2237 Lagous
429 2193 466 2226 ct
501 2194 543 2227 ba
637 2197 680 2227 ‘20
715 2193 938 2237 Panticapes
980 2192 1126 2227 Vossius
1161 2193 1310 2236 patarcs
1350 2191 1453 2227 codd.

107 2241 147 2271 21
175 2237 212 2272 in
238 2237 305 2282 bya
328 2246 393 2271 om.
426 2237 492 2271 VP
584 2241 626 2272 ⁶25
650 2237 863 2271 Iaxamatae
891 2238 960 2272 (r'A
990 2237 1153 2271 ixomate
1186 2236 1251 2270 VP
1343 2239 1386 2270 26
1416 2238 1456 2271 ct

107 2282 273 2361 laage}
294 2300 333 2306 -
366 2281 668 2316 Melanchlaenae
700 2292 765 2316 om.
797 2281 854 2316 Rb
885 2281 1040 2326 Iazyges
1072 2281 1142 2316 ΘΑ
1174 2281 1317 2325 iazyces
1340 2281 1376 2315 P
1402 2279 1453 2315 ia—

108 2338 149 2370 zy
195 2339 210 2359 s
