1614 2549
377 80 716 120 CONSTANTWS
741 79 801 113 ET
826 74 1059 112 ivast
1084 77 1149 108 358
1360 70 1440 111 1⁵23

91 182 272 224 coalitus
313 179 364 220 ab
404 175 692 218 adulescentia
729 173 871 227 prima
906 169 1015 211 nihil
1054 180 1256 221 umquam
1299 164 1441 218 paeni-

91 240 267 283 tendum
299 236 464 279 admisi.
515 235 552 276 6.
579 234 758 287 ideoque
784 229 1035 272 Armeniam
1061 237 1311 279 recuperare
1344 236 1440 263 cum

91 295 406 352 Mesopotamia
437 294 587 346 debeo,
620 306 701 333 auo
739 304 834 332 meo
873 286 1097 342 conposita
1132 282 1282 324 fraude
1321 294 1442 335 prae-

92 360 274 412 reptam.
335 353 450 395 Illud
481 352 594 407 apud
624 365 702 392 nos
735 362 969 401 numquam
1007 345 1052 385 in
1083 344 1304 395 acceptum
1337 339 1442 380 fere-

57 432 74 458 5
93 420 181 469 tur,
225 414 337 469 quod
379 411 578 454 adseritis
622 424 699 451 uos
744 407 987 448 exultantes
1030 402 1151 444 nullo
1195 398 1441 440 discrimine

93 474 269 516 uirtutis
303 487 350 513 ac
383 471 471 512 doli
506 481 734 524 prosperos
773 478 921 506 omnes
960 461 1127 503 laudari
1166 459 1318 500 debere
1355 456 1443 497 bel-

94 534 236 575 lorum
256 534 446 573 euentus.
510 529 547 569 7.
566 530 785 582 postremo
818 523 854 565 si
880 535 1044 563 morem
1077 532 1225 573 gerere
1247 513 1443 557 suadenti

94 591 283 634 uolueris
303 593 430 642 recte,
462 590 686 629 contemne
712 586 881 638 partem
902 581 1100 634 exiguam
1123 590 1291 629 semper
1323 574 1445 615 lucti-

95 652 220 692 ficam
258 652 301 690 et
338 650 571 699 cruentam,
602 648 650 686 ut
683 646 824 685 cetera
864 653 990 694 regas
1033 650 1219 689 securim,
1262 633 1444 687 pruden-

43 725 77 751 10
95 713 163 751 ter
200 710 404 762 reputans
442 704 724 746 medellarum
763 714 929 756 quoque
975 696 1162 738 artifices
1200 706 1323 734 urere
1360 705 1447 731 non

96 781 329 822 numquam
363 768 405 806 et
437 778 579 805 secare
614 766 657 804 et
688 763 833 816 partes
866 770 1091 812 corporum
1124 755 1366 806 amputare,
1398 752 1447 790 ut

97 826 276 881 reliquis
320 824 385 866 uti
422 824 550 864 liceat
591 819 791 875 integris3
835 818 1000 871 hocque
1033 813 1194 855 bestias
1226 810 1447 852 factitare:

100 900 207 940 quae
240 899 335 926 cum
369 883 597 924 aduertant
623 895 697 921 cur
717 877 904 919 maximo
926 887 1051 928 opere
1073 871 1308 925 capiantm3
1339 866 1449 907 illud

99 944 274 998 propria
312 944 463 996 sponte
497 940 702 981 amittunt
742 939 792 977 ut
828 935 975 975 uiuere
1008 931 1159 972 deinde
1190 927 1359 982 possint
1390 925 1450 965 in-

47 1019 80 1044 15
99 1002 292 1058 pauidae.
342 1001 379 1042 8.
411 1000 454 1041 id
475 1014 575 1041 sane
596 995 827 1052 pronuntio
849 993 973 1047 quod,
994 991 1031 1032 si
1049 990 1153 1030 haec
1173 1001 1269 1028 mea
1288 984 1450 1039 legatio

99 1061 274 1103 redierit
295 1060 438 1111 inrita,
469 1060 568 1112 post
587 1061 757 1109 tempus
788 1051 990 1093 hiemalis
1013 1048 1170 1104 quietis
1192 1046 1451 1098 exemptum,

101 1120 267 1162 uiribus
300 1118 404 1161 totis
438 1118 666 1167 accinctus,
696 1114 869 1154 fortuna
903 1108 1284 1158 condicionumque
1310 1100 1453 1155 aequi-

101 1182 192 1221 tate
231 1193 350 1232 spem
393 1190 611 1218 successus
651 1171 822 1214 secundi
859 1169 1064 1210 fundante
1103 1164 1268 1215 uenire,
1313 1159 1453 1215 quoad

103 1238 214 1279 ratio
247 1237 409 1288 siuerit,
440 1233 679 1275 festinabo'.

50 1314 84 1338 20
224 1296 262 1337 9.
282 1295 362 1336 His
384 1294 542 1335 litteris
564 1292 636 1332 diu
668 1288 839 1330 libratis
860 1289 977 1327 recto
997 1285 1188 1338 pectore,
1222 1278 1335 1334 quod
1355 1277 1455 1318 dici-

105 1361 188 1410 tur,
221 1353 569 1406 considerateque
600 1361 853 1402 responsum
886 1348 951 1385 est
982 1343 1064 1383 hoc
1096 1340 1242 1381 modo:

228 1413 293 1454 10.
331 1412 496 1453 ‘Victor
545 1412 661 1450 terra
711 1405 904 1458 marique
957 1398 1237 1443 Constantius
1288 1409 1456 1448 semper

106 1474 329 1527 Augustus
349 1471 476 1511 fratri
496 1482 590 1510 meo
613 1465 765 1520 Sapori
786 1462 879 1517 regi
900 1461 1083 1503 salutem
1103 1457 1336 1511 plurimam
1352 1453 1458 1494 dico.

227 1529 437 1584 Sospitati
458 1528 628 1582 quidem
649 1528 747 1566 tuae
768 1521 963 1577 gratulor
995 1521 1043 1560 ut
1062 1518 1244 1567 futurus,
1276 1513 1312 1554 si
1338 1511 1460 1563 uelis,

54 1607 89 1633 25
109 1591 284 1643 amicus,
317 1588 595 1642 cupiditatem
619 1598 720 1626 uero
754 1594 920 1635 semper
952 1576 1206 1619 indeflexam
1238 1572 1459 1624 fusiusque

109 1652 341 1704 uagantem
391 1646 667 1688 uehementer
710 1639 925 1682 insimulo.
990 1637 1055 1677 11.
1098 1628 1461 1686 Mesopotamiam

109 1709 250 1764 poscis
282 1710 330 1748 ut
361 1709 482 1748 tuam
514 1702 773 1758 perindeque
805 1696 1056 1739 Armeniam
1090 1695 1133 1735 et
1171 1689 1322 1733 suades
1355 1688 1462 1729 inte-

112 1781 189 1822 gro
223 1766 393 1820 corpori
425 1764 610 1805 adimere
643 1759 837 1801 membra
869 1755 1090 1811 quaedam,
1131 1754 1179 1792 ut
1217 1749 1334 1790 salus
1372 1747 1462 1787 eius

113 1826 312 1879 deinceps
344 1825 508 1866 locetur
540 1822 584 1862 in
617 1818 766 1871 solido,
799 1815 911 1870 quod
942 1810 1264 1866 infringendum
1296 1809 1361 1848 est
1392 1819 1465 1858 po-

60 1906 95 1931 3)
113 1886 199 1927 tius
233 1899 361 1938 quam
393 1882 483 1923 ulla
515 1878 792 1922 consensione
824 1872 1091 1915 firmandum.
1154 1867 1297 1920 accipe
1330 1865 1465 1918 igitur

115 1944 346 1986 ueritatem
389 1955 474 1982 non
519 1940 736 1980 obtectam
779 1931 1028 1988 praestigiis
1080 1928 1153 1969 sed
1196 1924 1464 1980 perspicuam

116 2003 331 2056 nullisque
352 1999 479 2041 minis
512 1997 710 2039 inanibus
742 1990 1074 2048 perterrendam.
1138 1986 1204 2027 12.
1223 1982 1467 2038 praefectus

117 2061 335 2116 praetorio
381 2073 499 2100 meus
538 2056 737 2109 opinatus
783 2049 959 2104 adgredi
1001 2045 1226 2101 negotium
1270 2040 1468 2095 publicae

210 2204 232 2234 4
254 2199 294 2233 in
318 2208 385 2234 om.
412 2196 444 2231 G
537 2194 678 2228 feretur
702 2191 834 2234 Haupt
859 2188 977 2222 fretus
1006 2184 1110 2219 VAP
1134 2182 1206 2216 fuit
1233 2181 1266 2215 G
1353 2183 1393 2215 16
1417 2179 1470 2212 in—

122 2245 192 2280 lita
221 2244 288 2279 VP
382 2246 423 2276 17
449 2239 639 2284 aequitate
668 2236 701 2271 G
731 2235 854 2269 aetate
887 2231 1077 2276 aequitate
1107 2227 1212 2261 VAP
1304 2229 1346 2259 22
1378 2234 1471 2258 sem-

121 2301 189 2334 per
213 2290 270 2323 Au
300 2289 401 2322 ustus
431 2296 498 2320 om.
524 2285 589 2328 φὺς
682 2285 724 2316 28
750 2280 828 2314 eius
858 2288 932 2311 vm.
965 2276 1008 2320 by
1030 2278 1211 2317 transpos.
1237 2271 1273 2305 A
1353 2272 1395 2303 ⁵29
1419 2267 1474 2302 in-

122 2335 271 2379 fringen
299 2344 363 2367 um
385 2331 518 2374 Haupt
543 2325 815 2363 infundendum
844 2322 912 2357 VP
934 2318 1174 2356 refutandum
1202 2316 1235 2351 G
1317 2316 1382 2349 ‘31
1410 2312 1473 2347 ob-

123 2380 264 2414 tactam
293 2377 326 2412 V
347 2377 516 2422 opertam
541 2374 586 2418 by
