1614 2549
387 111 725 151 CONSTANTIVS
750 115 811 151 ΕΤ
835 116 1068 152 IVLIANVS
1092 122 1159 154 360
1369 119 1452 163 231

222 205 260 247 6.
291 206 536 250 Accedebat
567 212 712 251 autem
743 211 1082 266 incendebatque
1121 213 1212 254 eius
1245 213 1453 267 cupidita·

102 264 202 317 tem,
232 266 398 317 pacatis
430 266 518 308 iam
550 267 704 310 Galliis
743 269 955 311 incessere
987 271 1101 313 ultro
1135 269 1452 326 Constantium,

102 321 314 364 coniciens
347 339 442 366 eum
479 340 556 379 per
585 328 852 370 uaticinandi
887 330 1118 384 praesagia
1150 330 1300 384 multa,
1339 345 1448 385 quae

101 379 301 435 callebat,
335 386 376 425 et
408 385 576 426 somnia
607 400 628 426 e
660 386 752 428 uita
783 387 980 441 protinus
1013 402 1296 430 excessurum.

14 451 16 469 r
62 453 80 479 5
220 439 257 480 7.
288 440 347 483 Et
388 443 591 498 quoniam
632 445 798 486 erudito
841 448 883 486 et
925 446 1118 488 studioso
1152 447 1449 502 cognitionum

99 497 290 539 omnium
320 501 504 555 principi
536 503 733 545 maliuoli
768 505 1076 558 praenoscendi
1113 505 1259 547 futura
1289 521 1446 560 prauas

98 557 212 597 artes
234 557 477 614 adsignant,
498 561 805 604 aduertendum
826 565 890 603 est
910 563 1111 618 breuiter,
1131 565 1240 605 unde
1262 565 1448 619 sapienti

96 613 190 655 uiro
223 615 304 658 hoc
330 633 497 673 quoque
519 620 709 662 accidere
741 622 902 675 poterit
922 622 1142 664 doctrinae
1175 636 1309 677 genus
1330 624 1445 666 haud

95 671 201 714 leue.
264 675 301 717 8.
334 676 643 719 elementorum
676 680 865 721 omnium
899 680 1089 735 spiritus,
1119 684 1268 736 utpote
1300 696 1448 736 peren—

40 746 75 772 10
93 731 214 772 nium
246 748 473 789 corporum
503 738 824 790 praesentiendi
855 742 976 780 motu
1009 754 1176 794 semper
1208 742 1250 781 et
1287 741 1444 796 ubique

40 787 41 792 ’
92 790 257 845 uigens,
289 807 339 834 ex
370 794 451 848 his,
484 810 591 850 quae
622 811 699 850 per
718 797 968 851 disciplinas
1000 798 1145 840 uarias
1167 799 1445 853 adfectamus,

40 858 41 875 ³
89 850 325 905 participat
343 853 567 895 nobiscum
600 869 777 897 munera
797 856 1035 897 diuinandi:
1068 859 1111 898 et
1133 857 1442 900 substantiales

90 910 329 961 potestates
367 912 453 953 ritu
491 913 661 955 diuerso
705 914 920 968 placatae,
964 916 1084 957 uelut
1128 931 1178 957 ex
1222 917 1442 970 perpetuis

90 965 275 1009 fontium
307 970 439 1024 uenis,
466 972 654 1013 uaticina
681 972 942 1014 mortalitati
982 974 1260 1028 suppeditant
1298 976 1442 1029 uerba,

38 1039 71 1066 15
91 1025 246 1079 quibus
278 1042 435 1070 numen
465 1044 662 1083 praeesse
695 1031 850 1072 dicitur
883 1031 1119 1086 Themidis,
1153 1048 1282 1087 quam
1314 1049 1365 1075 ex
1392 1049 1440 1076 eo

90 1084 202 1138 quod
233 1085 320 1128 fixa
350 1087 476 1128 fatali
508 1089 603 1144 lege
636 1089 806 1131 decreta
839 1091 1054 1144 praescire
1086 1092 1192 1133 facit
1223 1092 1270 1132 in
1301 1096 1442 1147 poste-

87 1156 196 1197 rum,
238 1159 346 1199 quae
377 1146 611 1201 τεθειμένα
644 1163 783 1190 sermo
816 1148 1004 1191 Graecus
1038 1150 1243 1205 appellat,
1281 1151 1343 1192 ita
1377 1166 1443 1193 co-

87 1203 388 1254 gnominatam
427 1205 471 1245 in
509 1206 641 1247 cubili
679 1207 874 1262 solioque
916 1208 1031 1249 Iouis
1073 1209 1236 1263 uigoris
1279 1209 1442 1252 uiuifici

85 1259 284 1316 theologi
315 1266 482 1304 ueteres
516 1265 806 1307 conlocarunt.

33 1333 68 1359 20
207 1319 245 1360 9.
277 1319 474 1376 Auguria
495 1326 537 1364 et
570 1324 761 1378 auspicia
792 1339 878 1366 non
909 1325 1132 1366 uolucrum
1165 1326 1345 1369 arbitrio
1378 1327 1440 1369 fu-

86 1379 186 1419 tura
225 1380 508 1422 nescientium
557 1383 833 1437 conliguntur
873 1408 928 1412 —
969 1398 1046 1425 nec
1088 1385 1201 1426 enim
1244 1385 1326 1427 hoc
1370 1386 1439 1427 uel

85 1436 293 1491 insipiens
327 1439 554 1494 quisquam
586 1440 699 1482 dicet
732 1467 787 1470 —
820 1442 891 1483 sed
924 1443 1095 1484 uolatus
1124 1443 1267 1485 auium
1289 1444 1440 1499 dirigit

84 1494 200 1548 deus,
231 1498 279 1537 ut
311 1500 502 1539 rostrum
534 1513 692 1540 sonans
725 1503 799 1541 aut
830 1502 1156 1554 praeteruolans
1188 1503 1322 1556 pinna
1352 1506 1439 1544 tur-

83 1553 184 1594 bido
217 1558 362 1597 meatu
392 1557 461 1597 uel
494 1557 582 1598 leni
613 1557 757 1599 futura
788 1562 1117 1613 praemonstret,
1174 1564 1291 1603 amat
1324 1562 1438 1603 enim

28 1626 63 1653 25
82 1611 328 1667 benignitas
366 1616 567 1669 numinis,
605 1631 680 1658 seu
718 1618 829 1672 quod
868 1621 1088 1660 merentur
1119 1619 1328 1674 homines,
1362 1635 1437 1662 seu

83 1671 196 1724 quod
235 1673 432 1727 tangitur
464 1689 610 1716 eorum
649 1676 906 1731 adfectione,
948 1677 1015 1717 his
1059 1692 1226 1732 quoque
1268 1679 1435 1720 artibus

79 1728 259 1782 prodere
293 1746 398 1785 quae
431 1732 675 1787 inpendent.

202 1789 267 1831 10.
307 1789 433 1831 Extis
484 1791 633 1832 itidem
670 1793 879 1846 pecudum
925 1795 1081 1835 attenti
1127 1795 1339 1850 fatidicis,
1390 1797 1436 1838 in

81 1847 244 1900 species
287 1850 479 1891 conuerti
520 1851 654 1892 suetis
696 1851 954 1906 innumeras,
999 1853 1238 1895 accidentia
1281 1855 1433 1896 sciunt.

0 1936 1 1956 2
26 1919 62 1945 30
82 1905 200 1946 cuius
233 1906 485 1961 disciplinae
507 1908 649 1964 Tages
669 1911 842 1952 nomine
864 1911 1037 1965 quidam
1069 1915 1336 1954 monstrator
1357 1916 1435 1966 est,

0 1966 1 1970 ’
80 1966 127 2004 ut
165 1963 433 2020 fabulantur,
471 1967 516 2008 in
552 1968 752 2010 Etruriae
790 1970 986 2023 partibus
1026 1971 1251 2012 emersisse
1289 1972 1433 2013 subito

79 2022 197 2064 uisus
232 2038 254 2065 e
285 2026 413 2066 terra.

170 2171 187 2201 1
208 2168 410 2203 accedebat
426 2170 475 2214 (?)
493 2169 669 2215 Eyssenh.
688 2170 833 2205 accidat
855 2171 921 2206 VP
939 2172 1133 2207 accidebat
1157 2174 1223 2218 bya
1272 2174 1317 2207 *2
1334 2174 1432 2208 ultro

77 2211 166 2246 add.
199 2211 255 2246 V¹¹²
318 2217 356 2247 11
384 2213 598 2259 disciplinas
622 2216 704 2260 Pb9
728 2215 924 2260 disciplina
953 2217 987 2251 V
1042 2221 1085 2252 14
1107 2218 1356 2253 mortalitates
1387 2219 1431 2252 V1

77 2256 319 2291 mortalitatis
349 2257 452 2293 V2Pb
547 2264 587 2294 16
611 2259 702 2294 facit
731 2260 834 2295 codd.
859 2261 913 2295 fas
939 2261 986 2296 sit
1018 2262 1086 2306 bya
1158 2267 1197 2298 17
1222 2263 1431 2298 thetimena

81 2299 224 2336 VGAP
271 2306 314 2337 20
332 2303 499 2347 auspicia
513 2324 555 2329 -
572 2304 806 2339 nascentium
822 2306 902 2350 (sie)
917 2307 1004 2341 add.
1025 2306 1079 2341 Vm
1125 2308 1325 2342 arbitrium
1343 2308 1432 2342 VPb

77 2345 232 2380 arbitrio
266 2346 337 2381 GA
429 2352 472 2382 26
503 2359 651 2393 quoque
687 2349 829 2384 VGAP
860 2362 932 2394 que
962 2352 1003 2386 rb
1096 2356 1138 2387 29
1164 2353 1350 2387 conuertit
1374 2353 1432 2387 Pb

75 2393 120 2424 30
144 2391 434 2427 monstratorem
459 2394 501 2428 ut
530 2393 598 2428 VP
622 2395 849 2429 monstratur
873 2397 916 2430 ut
939 2396 984 2431 ba
1007 2398 1235 2432 monstrator
1258 2398 1300 2431 ut
1325 2408 1348 2442 9
