1573 2508
159 60 220 102 50
664 55 732 91 XV
757 58 1028 98 3‚11-4‚s

162 156 356 207 tempore
391 166 559 204 uacans,
591 153 741 192 auctor
771 149 1003 205 perniciosi
1035 149 1258 204 sermonis,
1290 151 1334 190 et
1352 148 1515 204 alioqui

1544 0 1573 81 l

1555 109 1565 129 2

1557 151 1567 203 1

164 215 342 254 naturae
388 209 594 251 feruentis
638 208 683 249 in
719 209 901 250 taberna
943 207 1118 250 relictus
1163 208 1263 249 dum
1306 210 1515 262 parantur
1548 207 1567 252 ,Ψ

163 270 310 311 11111011
341 267 593 321 necessaria,
625 267 750 308 lateri
772 267 956 309 cultrum
978 299 1133 308 ......
1165 281 1265 307 00811
1297 269 1515 320 repertum
1561 274 1565 315 ζ

164 328 330 382 inpegit
350 327 581 381 statimque
602 326 806 368 extractis
825 325 1032 367 uitalibus
1051 325 1226 366 interiit.
1263 325 1327 366 11.
1354 324 1515 367 residui

163 387 279 428 ducti
311 385 602 427 Mediolanum
635 384 947 439 excruciatique
986 383 1215 425 tormentis
1249 386 1292 424 et
1330 383 1514 425 confessi

164 445 276 485 inter
308 445 456 499 epulas
489 444 734 498 petulanter
765 458 809 484 se
839 443 1047 498 quaedam
1079 443 1246 484 locutos
1278 441 1383 483 iussi
1415 445 1516 484 sunt

164 503 340 545 attineri
383 503 635 557 poenalibus
682 502 881 543 claustris
927 501 1005 542 sub
1045 500 1330 543 absolutionis
1369 500 1516 555 aliqua

165 577 239 616 spe
272 562 374 603 licet
403 562 580 602 incerta.
629 563 894 614 protectores
914 574 1016 601 uero
1048 559 1317 614 prommtiati
1345 562 1514 600 uertere

165 621 305 662 solum
337 620 478 674 exilio,
509 622 557 661 ut
587 618 755 660 Marino
787 619 922 660 isdem
954 618 1134 660 consciis
1156 617 1265 659 mori
1291 618 1515 672 permisso,
1563 646 1571 664 ι,

163 679 332 721 ueniam
365 678 602 720 Arbetione
636 692 826 719 meruere
859 679 1071 731 precante.

281 736 324 778 4.
356 739 391 778 1.
423 736 486 778 Re
506 736 587 778 hoc
606 736 733 777 modo
766 736 888 777 finita
908 768 1106 777 .........
1127 740 1170 776 01
1200 734 1514 789 Lentiensibus‚

163 795 456 838 Alamannicis
477 795 601 850 pagis
622 794 828 836 indictum
861 798 927 836 est
945 794 1109 835 bellum
1129 793 1368 836 conlimitia
1388 807 1512 848 saepe

162 854 359 896 Romana
389 854 519 896 latius
539 854 896 907 inrumpentibus,
929 853 980 894 ad
1002 867 1126 908 quem
1151 852 1418 918 procinctum
1437 852 1512 893 im-

162 916 334 967 perator
367 927 565 967 egressus
598 912 641 953 in
672 912 849 954 Raetias
882 926 1139 966 camposque
1171 910 1289 952 uenit
1315 909 1514 964 Caninos,

163 975 206 1013 et
225 972 403 1026 digestis
424 972 496 1012 diu
517 971 707 1012 consiliis
737 971 780 1012 id
812 971 952 1012 uisum
973 974 1039 1012 081
1067 970 1297 1012 honestum
1320 973 1363 1011 et
1394 969 1513 1024 utile,

162 1034 209 1071 ut
250 1045 298 1072 eo
340 1045 435 1071 cum
476 1029 627 1071 militis
669 1032 791 1084 parte
835 1029 1017 1071 Arbetio
1058 1029 1267 1084 magister
1308 1027 1513 1083 equitum,

162 1103 257 1130 011111
288 1089 497 1130 ualidiore
518 1089 727 1130 exercitus
759 1103 889 1129 manu
920 1088 1117 1142 relegens
1144 1088 1360 1141 margines
1393 1087 1511 1128 lacus

1549 338 1571 430 a?

1538 432 1569 566 -ἒ

1560 572 1571 643 ÷

1533 687 1573 717 101

1532 980 1567 1009 15

162 1147 413 1202 Brigantiae
457 1150 657 1202 pergeret
706 1147 901 1201 protinus
951 1146 1148 1188 barbaris
1193 1159 1511 1201 congressurus.
1568 1196 1569 1200 Ἰ

161 1207 278 1247 0111118
320 1206 405 1247 1001
447 1206 629 1260 figuram
670 1206 871 1260 breuiter,
922 1207 1126 1260 quantum
1176 1205 1286 1246 ratio
1336 1204 1512 1259 p'atitur,

159 1264 406 1319 designabo.

278 1324 317 1364 2,
348 1323 466 1364 Inter
487 1323 697 1364 montium
718 1323 929 1364 celsorum
949 1322 1180 1364 amfractus
1201 1322 1364 1364 inmani
1383 1321 1510 1376 pulsu

160 1381 335 1423 Rhenus
356 1414 659 1423 ...........
693 1382 892 1436 scopulos
918 1381 1161 1422 extenditur
1183 1413 1338 1422 ......
1358 1391 1510 1422 ’amnes

160 1440 381 1495 adoptans,
413 1443 459 1481 ut
483 1454 560 1492 per
581 1443 819 1481 cataracta-s
851 1440 1130 1481 inclinatione
1161 1438 1387 1493 praecipiti
1418 1439 1510 1480 fun-

1529 1275 1573 1303 202

158 1499 273 1541 ditur
303 1498 443 1540 Nilus.
505 1502 548 1539 et
585 1499 781 1553 nauigari
814 1499 867 1540 ab
907 1501 1005 1540 ortu
1041 1500 1215 1552 poterat
1250 1497 1508 1553 primigenio
1541 1537 1543 1540 ,

158 1558 294 1612 copiis
315 1557 554 1599 exuberans
586 1556 786 1611 propriis,
816 1558 861 1598 ni
880 1556 1022 1598 ruenti
1042 1559 1232 1598 curreret
1262 1556 1411 1599 similis
1433 1570 1507 1610 po-

157 1617 238 1658 tius
264 1631 392 1670 quam
425 1616 769 1658 fluenti
813 1617 851 1657 3.
884 1617 1053 1670 iamque
1087 1615 1308 1657 absolutus
1335 1615 1507 1670 altaque

1527 1567 1566 1596 25.

155 1674 343 1716 diuortia
376 1674 567 1728 riparum
600 1674 806 1716 adradens
838 1674 978 1716 lacum
1009 1674 1175 1716 inuadit
1205 1673 1433 1716 rotundum
1465 1676 1509 1715 et
1571 1730 1573 1734 Α

245 1846 264 1875 3
289 1841 399 1876 lateri
426 1841 505 1886 [lac.
532 1846 552 1876 6
577 1841 662 1885 litt]
693 1841 854 1876 cultrum
886 1841 918 1875 V
939 1842 1018 1876 sine
1049 1842 1115 1876 lac.
1143 1841 1213 1876 GA
1238 1840 1347 1875 lateri
1378 1841 1460 1892 [lac.
1485 1845 1506 1876 6

153 1887 240 1931 lim]
267 1886 411 1920 ulcium
436 1887 472 1921 P
518 1891 538 1921 5
564 1887 688 1921 confes
713 1886 793 1930 [lac
820 1890 840 1920 2
866 1887 904 1930 l.]
936 1886 1002 1921 VP
1026 1886 1187 1921 confessi
1212 1886 1251 1920 ui
1276 1885 1505 1930 quaestionis
1544 1899 1559 1913 ⁸

150 1932 221 2009 hsla
290 1935 330 1965 11
359 1931 466 1966 finita
491 1931 571 1976 [lac.
597 1935 617 1965 9
642 1931 726 1975 zita]
758 1931 824 1966 VP
849 1931 955 1966 finita
977 1931 1090 1989 paulo
1114 1932 1200 1976 post
1222 1931 1313 1976 b9a;
1343 1931 1504 1966 inseren-

181 1987 241 2010 am
258 1986 388 2010 nomen
399 1986 483 2019 pop.
503 1976 756 2010 Alamannici.
810 1980 851 2010 16
868 1976 974 2020 parte
995 1975 1028 2010 G
1052 1977 1161 2020 pat-er
1183 1975 1296 2026 VPba
1350 1979 1393 2009 22
1410 1974 1504 2010 rhen

149 2020 271 2062 (rheni
295 2021 348 2064 P)
381 2020 461 2064 [lac.
499 2025 537 2054 10
567 2021 654 2065 lita]
685 2020 792 2064 pulos
828 2021 895 2055 VP
918 2021 1070 2055 Rhenus
1101 2020 1270 2055 exoriens
1299 2030 1368 2064 per
1396 2030 1502 2064 prae-

149 2066 280 2109 ruptos
311 2075 372 2099 sco
402 2065 482 2100 ulos
512 2065 679 2100 Valesius
685 2032 924 2100 pextenditur
956 2065 1036 2110 [lac.
1067 2069 1088 2100 5
1119 2065 1203 2110 lzsstt]
1237 2064 1313 2100 Nes
1345 2064 1504 2109 adoptas
1560 2088 1563 2090 -

148 2111 193 2144 ut
219 2109 303 2155 [lac.
324 2114 344 2143 3
378 2111 434 2143 itt.
446 2111 453 2153 ]
481 2110 686 2144 cataractas
711 2109 777 2144 VP
800 2109 1016 2145 extenditur
1039 2109 1160 2144 nullos
1185 2109 1350 2144 aduenas
1375 2119 1504 2144 amnes

149 2153 333 2198 adoptans
372 2153 593 2189 (tronom'ws
687 2158 729 2189 23
765 2154 964 2199 praecipiti
1002 2153 1167 2190 Valesius
1202 2153 1398 2198 praeteriti
1436 2152 1504 2189 VP

148 2202 192 2233 24
222 2200 259 2233 et
292 2199 375 2242 [zac.
407 2202 428 2232 4
462 2198 550 2244 lim]
584 2199 665 2244 gari
696 2198 762 2233 VI’
852 2200 1002 2244 poterat
1031 2199 1069 2234 at
1097 2198 1131 2233 V
1219 2202 1262 2233 25
1294 2196 1502 2234 exuberans

153 2242 320 2277 Valesius
344 2242 525 2278 edueraus
556 2243 588 2277 V
615 2254 680 2277 om.
714 2244 792 2287 [lac.
829 2249 849 2278 9
852 2212 965 2289 pluth]
995 2244 1052 2278 Pr
1143 2243 1211 2277 sim
1244 2243 1327 2289 [lac.
1362 2246 1382 2277 6
1412 2242 1502 2288 litt]

149 2299 190 2332 sq
195 2298 284 2321 uam
316 2287 383 2322 VI’
406 2298 464 2332 sa}
504 2289 592 2322 lenit
625 2288 790 2322 Valesius
837 2292 879 2322 26
908 2289 988 2332 [lac.
1007 2293 1025 2323 7
1051 2288 1139 2334 lim]
1166 2289 1316 2332 iamque
1341 2287 1388 2322 ad
1416 2287 1501 2332 [lac.

148 2300 190 2368 ‘lq
194 2333 280 2378 lita]
306 2332 446 2367 solutus
450 2299 509 2365 Pl}
532 2332 741 2377 (absolutus
773 2332 952 2373 Valesius)
