1573 2508
98 54 182 97 278
621 52 725 88 XXII
749 56 781 95 s,
810 56 940 88 17—25

93 147 300 202 Pityunta
344 145 603 188 continentis
642 145 801 200 oppida
836 160 925 188 non
961 146 1155 188 obscura.
1219 145 1285 187 17.
1328 145 1445 188 ultra

95 205 202 248 haec
233 205 328 246 loca
359 204 646 246 Acherusium
678 219 828 258 specus
861 208 939 258 est,
971 204 1084 259 quod
1116 203 1285 246 accolae
1310 218 1445 258 μυχο·

93 261 278 306 πόντιον
299 262 532 318 adpellant,
553 266 597 304 et
616 266 766 317 portus
787 262 946 316 Acone,
976 262 1097 304 fluuii
1117 262 1289 317 diuersi,
1308 262 1445 305 Ache-

93 337 185 376 ron,
216 322 414 375 idemque
445 320 669 374 Arcadius,
702 325 745 363 et
776 320 859 362 Iris
891 324 935 363 et
955 320 1101 362 Tibris
1133 323 1177 362 et
1207 321 1327 363 iuxta
1345 320 1445 364 Par-

93 380 278 434 thenius,
311 393 458 421 omnes
490 379 536 421 111
554 394 672 421 mare
704 380 793 421 ictu
813 379 963 434 rapido
984 379 1267 420 decurrentes.
1311 379 1443 422 Ther·
1461 394 1478 421 ⁵

94 438 253 480 modon
284 437 351 479 his
385 440 451 479 est
481 438 702 492 proximus
743 438 794 480 ab
828 438 1038 480 Armonio
1071 437 1258 479 defluens
1297 441 1443 480 monte

95 500 139 539 et
159 496 514 551 Themiscyraeos
547 497 812 539 interlabens
834 497 965 551 lucos,
998 496 1051 538 ad
1072 511 1179 551 quos
1200 495 1442 538 Amazonas

94 555 308 610 quondam
341 555 529 609 migrare
561 556 794 597 necessitas
828 555 1060 609 subegerat
1091 555 1206 596 talis.

217 614 282 656 18.
302 613 488 655 Adtritis
522 614 777 655 damnorum
811 614 1064 656 assiduitate
1084 613 1295 666 finitimis,
1314 612 1443 655 Ama-

93 686 221 715 zones
253 675 433 726 ueteres,
466 687 574 727 quae
601 687 672 714 eos
693 673 881 714 cruentis
913 672 1233 726 populabantur
1265 671 1442 713 incursi·
1463 687 1496 714 ιο

92 732 186 785 bus,
218 731 376 772 altiora
409 731 646 785 spirabant,
677 731 876 786 uiresque
909 745 1008 772 suas
1036 731 1443 784 circumspectantes

92 790 178 843 his,
224 803 331 844 quae
375 790 617 844 propinqua
661 791 831 843 saepius
877 789 1155 844 adpetebant,
1199 788 1443 842 ualidiores,

94 851 244 902 raptae
277 848 504 902 praecipiti
537 848 785 902 cupiditatis
819 848 982 901 ardore,
1013 847 1229 902 perruptis
1261 846 1444 888 nationi-

92 907 175 949 bus
206 906 407 960 plurimis
440 921 592 948 manus
613 906 953 948 Atheniensibus
986 907 1240 959 intulerunt,
1272 905 1444 960 acrique

92 965 409 1007 concertatione
442 966 572 1006 effuse
602 965 807 1007 disiectae
840 980 987 1006 omnes
1019 965 1192 1006 nudatis
1225 964 1442 1018 equitatus
1464 978 1497 1006 ιε

93 1024 161 1065 3111
204 1023 415 1064 lateribus
460 1037 674 1064 conruere.
740 1025 804 1064 19.
844 1024 999 1065 harum
1042 1023 1221 1064 interitu
1266 1022 1441 1076 cognito

91 1081 286 1124 residuae
319 1084 367 1122 ut
399 1081 597 1122 imbelles
619 1082 734 1123 domi
766 1082 955 1135 relictae,
988 1085 1179 1123 extrema
1205 1094 1443 1135 perpessae,

93 1140 334 1182 uicinitatis
355 1140 416 1181 eis
448 1141 718 1193 repensantis
751 1140 913 1181 similia
943 1140 1137 1182 funestos
1170 1140 1356 1193 impetus
1376 1139 1444 1180 de-

93 1199 317 1252 clinanteS,
350 1199 404 1240 ad
436 1199 700 1253 pacatiorem
733 1199 877 1240 sedem
908 1199 1119 1240 transiere
1152 1197 1443 1239 Thermodon-

92 1257 164 1312 tis,
206 1272 388 1312 quarum
432 1257 659 1311 progenies
705 1257 833 1312 longe
878 1257 1028 1298 deinde
1078 1260 1318 1311 propagata
1366 1270 1442 1310 per
1462 1272 1496 1298 ιο

93 1330 367 1358 numerosam
406 1316 603 1357 subolem
640 1331 771 1357 manu
802 1316 1052 1357 firmissima
1084 1316 1136 1356 ad
1174 1315 1268 1356 loca
1304 1329 1443 1356 reuer-

93 1377 208 1416 terat
251 1374 472 1428 genitalia,
521 1378 666 1416 secuto
711 1378 904 1428 tempore
954 1374 1126 1428 populis
1176 1373 1444 1414 diuersarum

94 1433 313 1487 originum
345 1432 647 1474 formidabilis.

210 1492 280 1533 20.
310 1490 431 1533 Haut
461 1492 611 1545 procul
643 1491 739 1533 inde
773 1491 990 1533 attollitur
1021 1489 1245 1532 Carambis
1277 1488 1443 1543 placide

93 1550 218 1592 collis
252 1552 401 1591 contra
428 1550 804 1603 [septentrionem]
832 1549 1014 1591 Helicen
1045 1561 1291 1602 exsurgens,
1323 1547 1443 1589 cuius
1463 1563 1498 1590 85

94 1622 116 1650 e
153 1609 329 1663 regione
375 1611 440 1649 est
473 1606 793 1662 Criumetopon,
837 1607 1045 1649 Tauricae
1085 1605 1443 1660 promuntorium,

94 1666 260 1709 duobus
293 1666 469 1708 milibus
503 1670 546 1708 et
567 1667 814 1721 quingentis
848 1666 999 1708 stadiis
1020 1666 1301 1719 disparatum.
1346 1663 1444 1705 hoc-

95 1739 177 1779 que
209 1740 259 1767 ex
292 1725 387 1767 loco
420 1725 559 1766 omnis
591 1740 667 1767 ora
699 1725 929 1778 maritima,
962 1725 1080 1766 cuius
1113 1724 1287 1765 initium
1307 1721 1443 1776 Halys

94 1786 161 1825 est
192 1784 343 1837 amnis,
375 1783 496 1825 uelut
529 1784 800 1837 longitudine
833 1783 979 1825 lineali
1011 1783 1173 1825 directa
1203 1781 1326 1823 nerui
1357 1780 1445 1821 effi-

94 1842 154 1884 cit
203 1843 405 1897 speciem,
456 1842 620 1883 duabus
672 1857 795 1884 arcus
847 1840 1169 1884 summitatibus
1220 1839 1440 1893 conligati.
1461 1857 1498 1883 so

93 1900 162 1943 21.
194 1900 262 1942 his
300 1901 550 1955 regionibus
583 1900 732 1942 Dahae
765 1901 951 1943 confines
985 1903 1096 1954 sunt,
1128 1899 1326 1940 acerrimi
1358 1911 1445 1939 om-

93 1959 214 2000 nium
246 1960 493 2013 bellatores,
525 1963 567 2001 et
589 1958 819 2013 Chalybes,
852 1974 926 2013 per
959 1973 1065 2012 quos
1099 1961 1267 1999 erutum
1300 1959 1343 1998 et
1375 1955 1445 1997 do-

94 2017 249 2059 mitum
283 2021 347 2059 est
380 2018 580 2071 primitus
613 2018 786 2060 ferrum.
847 2021 945 2071 post
978 2031 1084 2071 quos
1122 2019 1260 2057 terras
1299 2017 1445 2069 pateu-

187 2151 203 2182 1
245 2147 423 2192 Pityunta
466 2150 498 2183 G
539 2149 724 2193 hpidunta
761 2148 794 2181 Γ
834 2148 1038 2192 chpidunta
1077 2147 1113 2181 P
1153 2145 1363 2181 Theodosia
1401 2145 1445 2179 ba

93 2195 115 2226 2
153 2189 410 2237 μυχοπόντιον
450 2194 482 2227 G
534 2194 880 2230 ΝΥΧΟΠΟΝΤΙΟΝ
923 2193 957 2226 Α
998 2191 1338 2226 ΥΥΧΟΠΟΝΤΙΟΝ
1379 2189 1448 2223 VP

93 2236 161 2274 lac.
187 2239 234 2271 12
257 2237 328 2275 lite.
355 2249 374 2271 r
399 2237 579 2272 Fumeum
597 2239 617 2272 b
697 2242 717 2272 4
742 2237 874 2271 thibris
898 2237 934 2272 1>
958 2236 998 2270 th
1026 2236 1101 2270 bris
1131 2235 1165 2269 V
1186 2234 1355 2270 Tembris
1379 2234 1399 2268 b

93 2284 115 2316 8
139 2282 300 2332 migrare
324 2301 370 2308 —
395 2286 415 2317 9
437 2293 636 2333 amazonas
660 2282 747 2317 add.
779 2282 849 2333 Vm·
905 2285 948 2331 ²7²
971 2293 996 2325 p
1014 2279 1132 2332 acide]
1158 2279 1287 2358 rapide
1307 2244 1446 2329 ‘Kira-

92 2336 210 2361 ἠτα-ιον
302 2330 344 2362 28
368 2326 463 2361 halis
493 2326 604 2372 Vqu
686 2332 729 2362 30
754 2326 932 2371 conhgati
955 2335 1086 2370 scripsi
1112 2335 1207 2369 conp
1225 2324 1318 2369 igati
1342 2323 1444 2360 codd.
