1614 2549
403 104 743 141 CONSTANTIVS
768 105 830 140 ET
856 105 1086 140 IVLIANVS
1111 110 1175 142 361
1354 107 1436 150 247

87 200 268 242 mertino
301 199 346 241 in
377 200 603 242 consulatu
644 200 782 242 iunxit
818 199 1046 242 Neuittam
1088 215 1166 242 nec
1210 200 1437 255 splendore

86 273 161 300 nec
192 273 272 300 usu
302 273 381 300 nec
420 259 560 313 gloria
592 259 746 300 horum
779 259 978 314 similem,
1017 259 1170 314 quibus
1209 260 1438 314 magistra-

85 320 176 358 tum
221 317 538 371 amplissimum
576 317 792 360 detulerat
823 316 1158 360 Constantinus:
1201 321 1351 360 contra
1378 319 1438 359 in-

86 379 428 418 consummatum
468 380 509 418 et
547 377 847 431 subagrestem
892 379 950 431 et,
1000 377 1113 431 quod
1156 377 1298 419 minus
1344 380 1438 420 erat

37 436 68 472 '5
89 434 320 489 ferendum,
354 436 468 477 celsa
500 436 545 476 in
576 437 793 489 potestate
826 435 1053 478 crudelem.

205 492 275 535 11.
314 496 348 535 1.
380 494 500 536 Haec
532 497 575 535 et
605 494 715 536 talia
748 494 960 549 cogitanti
994 495 1268 549 sollicitoque
1309 509 1438 549 super

85 552 284 593 maximis
316 553 443 594 rebus
477 557 520 594 et
552 552 687 606 seriis,
719 553 894 595 niuitius
927 553 1179 595 metuendus
1211 554 1440 595 intimatur

86 614 129 652 et
165 611 422 665 insperatus,
462 627 567 653 ausa
603 612 797 654 indicans
838 612 1104 667 quorundam
1135 612 1340 666 inmania,
1378 612 1440 653 in-

84 669 283 723 peditura
320 685 467 712 cursus
502 671 590 712 eius
625 671 834 724 ardentes,
865 671 910 712 ni
941 671 1179 726 uigilanter
1203 671 1311 713 haec
1338 685 1439 726 quo-

31 741 64 765 ιο
85 743 165 783 que
199 731 430 784 antequam
463 730 758 771 adulescerent
789 730 1050 772 hebetasset.
1113 745 1221 785 quae
1247 730 1439 771 breuiter

85 790 362 841 exponentur.

203 847 242 888 2.
274 847 393 889 Duas
426 847 620 902 legiones
642 846 974 889 Constantiacas
1009 848 1154 889 addita
1186 862 1272 889 una
1305 847 1437 901 sagit·

84 905 296 947 tariorum
339 906 527 960 cohorte,
573 921 678 961 quas
725 907 948 947 inuenerat
982 907 1093 960 apud
1134 905 1351 959 Sirmium,
1391 908 1439 946 ut

85 967 309 1018 suspectae
331 965 467 1006 adhuc
499 965 598 1006 fidei
630 979 706 1019 per
738 965 924 1019 speciem
955 966 1265 1006 necessitatum
1285 977 1439 1018 urgen-

32 1034 65 1059 15
84 1022 194 1064 tium
225 1024 346 1065 misit
376 1024 422 1065 in
453 1022 633 1065 Gallias.
696 1038 803 1078 quae
835 1024 1003 1078 pigrius
1036 1027 1179 1066 motae
1213 1024 1439 1079 spatiaque

83 1081 289 1123 itinerum
320 1082 453 1137 longa
487 1085 529 1124 et
550 1082 788 1124 Germanos
820 1083 968 1124 hostes
1000 1085 1140 1124 truces
1163 1086 1204 1124 et
1237 1082 1438 1124 adsiduos

84 1139 381 1195 formidantes,
417 1156 579 1183 nouare
613 1142 821 1196 quaedam
859 1142 1150 1184 moliebantur
1189 1144 1362 1183 auctore
1396 1143 1439 1182 et

85 1199 315 1242 incitatore
346 1200 547 1255 NigrinO,
586 1201 778 1255 equitum
809 1204 976 1242 turmae
1013 1201 1188 1242 tribuno
1227 1201 1272 1242 in
1302 1199 1441 1241 Meso·

83 1259 279 1312 potamia
310 1260 475 1314 genito:
506 1274 636 1313 reque
663 1259 833 1314 digesta
863 1275 940 1314 per
961 1263 1127 1301 secreta
1148 1259 1377 1314 conloquia
1398 1261 1441 1299 et

33 1329 66 1353 20
88 1317 177 1359 alto
223 1318 428 1360 roborata
480 1319 666 1373 silentio,
716 1333 811 1360 cuin
855 1318 1104 1373 Aquileiam
1140 1318 1440 1373 peruenissent

84 1376 260 1418 uberem
293 1377 379 1419 situ
412 1381 453 1418 et
486 1378 639 1431 opibus
672 1378 890 1432 murisque
924 1377 1232 1419 circumdatam
1269 1376 1440 1430 ualidiS,

85 1449 182 1477 eain
201 1435 423 1478 hostiliter
442 1439 616 1490 repente
644 1436 836 1478 clausere
868 1437 1043 1478 iuuante
1077 1437 1280 1491 indigena
1311 1435 1439 1490 plebe

84 1495 295 1536 tumultus
340 1495 580 1550 horrorem,
626 1496 693 1536 cui
735 1494 965 1537 Constanti
1007 1510 1166 1537 nomen
1209 1497 1303 1536 erat
1346 1498 1440 1537 tum

85 1554 218 1595 etiam
257 1554 454 1596 amicum.
523 1555 562 1596 3.
600 1557 643 1595 et
681 1554 895 1596 obseratis
935 1554 1123 1596 aditibus
1162 1554 1439 1608 turribusque

33 1622 66 1649 25
87 1614 266 1654 armatis
300 1616 342 1654 et
378 1613 730 1668 propugnaculis,
768 1614 939 1655 futurae
972 1613 1284 1655 concertationi
1320 1626 1441 1667 prae-

86 1672 299 1725 parabant
339 1673 478 1726 utilia,
516 1672 692 1714 interim
725 1672 858 1714 soluti
890 1675 932 1713 et
964 1673 1103 1727 liberi,
1141 1672 1307 1726 hocque
1339 1671 1441 1712 faci·

85 1745 189 1772 nore
232 1731 295 1772 ita
338 1731 489 1773 audaci
531 1732 583 1773 ad
624 1731 855 1772 fauendum
888 1730 1119 1773 Constanti
1159 1731 1355 1785 partibus
1394 1732 1441 1771 ut

87 1790 332 1844 superstitis
365 1790 542 1832 Italicos
575 1790 740 1832 incolas
774 1790 1033 1832 excitabant.

208 1847 280 1891 12.
317 1850 352 1890 1.
386 1849 550 1898 Quibus
571 1849 763 1891 Iulianus
797 1850 997 1903 acceptis,
1030 1862 1161 1903 agens
1193 1851 1295 1889 tunc
1329 1847 1440 1901 apud

35 1918 69 1943 30
87 1907 303 1949 Naessum
333 1908 445 1949 nihil
467 1924 491 1949 a
522 1911 647 1962 tergo
680 1909 837 1949 timens
871 1908 1110 1961 aduersum,
1142 1908 1376 1961 legensque
1398 1909 1441 1947 et

88 1967 264 2008 audiens
305 1966 415 2009 hanc
448 1968 670 2009 ciuitatem
708 1968 1036 2008 circumsessam
1068 1966 1238 2021 quidem
1277 1965 1441 2019 aliquo-

86 2026 212 2079 tiens,
243 2040 478 2080 numquam
496 2030 643 2068 tamen
663 2027 850 2067 excisam
873 2028 945 2067 aut
966 2025 1166 2079 deditam,
1198 2024 1440 2080 inpensiore

181 2174 198 2204 1
225 2170 460 2204 consulatum
487 2170 566 2214 (sic)
592 2171 630 2204 in
653 2174 832 2214 transpos.
858 2170 902 2216 by
947 2170 1154 2204 necuittam
1177 2169 1214 2203 P
1260 2172 1280 2203 2
1309 2167 1442 2202 horum

89 2215 308 2259 cuiusquam
327 2215 398 2250 ΘΑ
446 2220 465 2250 3
483 2215 673 2250 detulerat
689 2215 959 2260 amplissimum
983 2219 1162 2258 transpos.
1179 2214 1249 2258 hya
1296 2214 1362 2246 *11
1381 2223 1442 2246 ex-

88 2260 277 2304 ponentur
315 2260 385 2295 GA
422 2261 655 2305 expenentur
695 2260 729 2294 V
757 2261 998 2305 experientur
1030 2261 1072 2294 rb
1165 2263 1206 2293 16
1230 2258 1345 2303 longa
1372 2256 1443 2291 GA

88 2305 200 2349 longe
230 2304 320 2340 VPb
368 2306 406 2340 et
429 2315 497 2341 om.
521 2306 541 2340 b
609 2309 653 2341 20
678 2305 753 2340 alt-o
781 2306 850 2341 GA
876 2305 948 2340 alio
972 2305 1060 2340 VPb
1136 2303 1352 2353 Aquileiam
1375 2302 1442 2346 bya

89 2350 292 2393 aquilaiam
308 2349 378 2384 VP
423 2354 464 2385 21
479 2351 633 2385 uberem
646 2351 780 2394 scripsi
790 2351 904 2385 ubem
922 2350 966 2386 Vl
980 2350 1112 2385 urbem
1131 2349 1178 2383 V2
1224 2352 1267 2382 24
1281 2357 1441 2382 amicum

92 2393 127 2429 G
142 2395 292 2429 initium
321 2394 433 2430 VPba
450 2395 624 2431 intimum
648 2396 683 2430 Ι.
708 2396 904 2432 Hermann
950 2400 993 2432 30
1017 2397 1124 2440 tergo
1142 2394 1248 2438 Pbya
1273 2392 1388 2438 dergo
1410 2390 1446 2426 V
