1614 2549
405 97 742 133 CONSTANTIVS
767 98 828 132 ET
854 98 1086 133 IVLIANVS
1111 103 1177 134 359
1380 101 1462 154 149

112 192 374 247 gnacissima
404 191 531 245 plebe
561 206 670 245 pons
703 206 800 234 cum
832 192 1068 234 multorum
1095 193 1341 235 discrimine
1372 194 1464 236 iun·

111 254 296 306 geretur,
326 251 384 292 iri
414 251 460 291 in
491 251 634 291 locum
655 251 707 292 ad
727 251 1102 305 conpaginandum
1131 255 1309 306 pontem
1333 253 1464 307 aptis—

111 310 280 351 simum.
344 309 409 350 10.
442 309 554 364 quod
582 309 730 351 hostes
753 310 1052 352 sollertissime
1074 311 1355 365 contemplati
1386 326 1463 365 per

111 367 349 409 contrarias
386 368 503 422 ripas
542 368 698 409 leniter
735 368 980 409 incedentes
1014 369 1088 409 ubi
1117 373 1292 412 nostros
1329 370 1464 424 figere

75 434 91 460 ⁵
109 426 299 468 tentoria
329 427 479 480 procul
512 427 755 480 cernebant,
787 427 870 480 ipsi
895 441 1063 481 quoque
1094 432 1242 469 noctes
1276 429 1464 483 agebant

110 499 333 527 exsomnes
377 485 665 526 custodientes
708 485 913 539 peruigili
964 486 1106 526 studio
1148 501 1201 527 ne
1251 488 1463 529 transitus

108 546 406 598 temptaretur.
470 545 536 584 11
555 558 705 585 uerum
727 558 823 585 cum
842 544 980 585 nostii
1012 544 1154 585 locum
1182 545 1464 587 aduentarent

106 603 342 656 prouisum,
373 602 491 643 uallo
522 602 723 656 fossaque
745 603 943 656 quieuere
964 603 1216 645 circumdati
1238 607 1280 645 et
1300 605 1463 646 adscito

108 661 316 714 Lupicino
348 661 393 701 in
413 661 642 702 consilium
663 660 821 702 Caesar
842 662 969 702 certis
1002 662 1234 716 imperauit
1263 663 1464 718 tribunis,

56 730 90 754 10
107 722 157 760 ut
187 722 458 761 trecentenos
490 723 695 785 pararent
717 734 812 761 cum
845 720 1021 761 sudibus
1045 721 1207 762 milites
1230 722 1463 776 expeditos,

109 778 211 832 quid
244 779 327 833 agi,
348 792 486 833 quoue
518 779 572 819 iri
599 779 772 820 deberet
804 779 975 833 penitus
1008 780 1271 833 ignorantes.
1335 780 1401 822 12.
1422 783 1465 822 et

109 837 280 878 collecti
310 840 435 879 nocte
472 840 678 890 prouecta
715 838 978 892 inpositique
1012 853 1179 893 omnes,
1212 853 1318 893 quos
1351 839 1464 880 luso-

108 896 197 937 riae
228 911 360 937 naues
394 896 683 950 quadraginta
715 911 822 950 quae
855 899 959 937 tunc
991 897 1169 938 aderant
1202 898 1319 938 solae
1347 912 1463 951 cepe-

108 958 221 1008 runt,
252 955 473 996 decurrere
494 955 696 996 iubentur
715 970 791 1008 per
811 955 972 996 fiumen
993 956 1096 997 adeo
1116 956 1240 997 taciti
1260 959 1310 997 ut
1331 956 1464 998 etiam

55 1024 89 1050 15
108 1013 217 1054 remi
249 1014 610 1067 suspenderentur
640 1028 693 1054 ne
725 1014 934 1055 barbaros
963 1015 1130 1056 sonitus
1163 1015 1371 1056 excitaret
1390 1030 1464 1056 un-

108 1071 272 1126 darum,
304 1076 433 1127 atque
466 1073 624 1113 mentis
646 1073 845 1126 agilitate
867 1075 909 1113 et
930 1088 1169 1127 corporum,
1189 1074 1290 1115 dum
1315 1073 1464 1115 hostes

106 1134 356 1172 nostrorum
389 1131 511 1185 ignes
545 1132 790 1185 obseruant,
823 1132 1024 1173 aduersas
1044 1147 1322 1186 perrumpere
1353 1132 1465 1173 limi-

107 1189 165 1230 tis
197 1190 327 1243 ripas.

229 1249 294 1290 13.
325 1248 441 1290 Dum
484 1248 589 1290 haec
629 1249 887 1303 celerantur,
930 1248 1179 1304 Hortarius,
1222 1264 1297 1291 rex
1338 1249 1463 1291 nobis

54 1318 88 1343 20
109 1309 235 1348 antea
266 1307 522 1361 foederatus,
553 1322 640 1348 non
670 1311 908 1349 nouaturus
942 1309 1162 1363 quaedam,
1196 1309 1268 1350 sed
1301 1308 1464 1350 amicus

108 1365 308 1407 finitimis
341 1381 508 1420 quoque
542 1366 642 1421 suis,
674 1380 797 1420 reges
831 1381 977 1408 omnes
998 1370 1042 1408 et
1072 1368 1241 1422 regales
1269 1371 1312 1408 et
1342 1381 1466 1421 regu-

108 1423 173 1466 los
206 1424 259 1465 ad
292 1425 540 1466 conuiuium
572 1429 830 1479 conrogatos
862 1426 1042 1467 retinuit
1074 1426 1212 1480 epulis
1245 1426 1298 1467 ad
1329 1439 1464 1480 usque

107 1483 309 1537 uigiliam
341 1484 518 1525 tertiam
550 1484 706 1538 gentili
739 1499 857 1525 more
890 1485 1087 1538 extentis,
1121 1500 1226 1539 quos
1250 1485 1465 1526 disceden-

107 1544 174 1583 tes
207 1542 306 1583 inde
339 1557 438 1584 casu
459 1543 599 1584 nostri
620 1557 669 1584 ex
702 1543 923 1597 inprouiso
946 1544 1087 1585 adorti
1117 1559 1194 1585 nec
1225 1543 1466 1585 interficere

56 1611 90 1636 25
108 1615 187 1642 nec
219 1601 435 1655 corripere
468 1601 558 1643 ullo
591 1615 745 1655 genere
777 1605 1012 1655 potuerunt
1043 1603 1320 1644 tenebrarum
1341 1617 1467 1656 equo-

107 1674 289 1714 rumque
311 1660 571 1713 adiumento,
592 1675 675 1714 quo
696 1661 850 1701 dubius
877 1661 1064 1715 impetus
1085 1662 1229 1715 trusit,
1249 1661 1465 1715 abreptos,

107 1718 218 1759 lixas
257 1733 358 1759 uero
397 1719 467 1760 uel
507 1733 674 1773 seruos,
716 1720 789 1773 qui
826 1734 898 1760 eos
937 1720 1117 1774 pedibus
1164 1720 1466 1775 sequebantur,

106 1776 192 1818 nisi
230 1792 336 1831 quos
376 1778 534 1819 exemit
572 1778 818 1819 discrimine
857 1780 1066 1833 temporis
1105 1779 1367 1833 obscuritas,
1399 1792 1466 1819 oc-

110 1835 316 1876 ciderunt.

55 1905 89 1930 30
232 1895 296 1935 14.
341 1893 525 1949 Cognito
570 1895 752 1949 denique
795 1895 1092 1938 Romanorum
1134 1896 1345 1949 transitu,
1391 1895 1466 1950 qui

109 1955 213 1994 tunc
249 1968 410 2008 perque
443 1954 734 2008 expeditiones
772 1955 1029 2008 praeteritas
1069 1955 1131 1996 ibi
1168 1955 1367 1995 leuamen
1399 1969 1465 1995 su-

107 2026 224 2052 mere
270 2012 469 2053 laborum
514 2013 814 2067 opinabantur,
858 2013 934 2054 ubi
983 2013 1154 2055 hostem
1193 2013 1466 2067 contingeret

108 2069 307 2124 inueniri,
336 2071 526 2125 perculsi
557 2084 681 2125 reges
715 2086 947 2126 eorumque
977 2072 1140 2127 populi,
1173 2072 1247 2127 qui
1276 2075 1466 2126 pontem,

201 2200 219 2231 1
246 2195 358 2240 plebe
389 2196 456 2232 VP
480 2199 594 2242 gente
619 2199 686 2243 bya
728 2208 845 2242 prope
868 2209 1014 2232 uersum
1041 2202 1057 2232 1
1079 2209 1173 2243 pons
1198 2219 1239 2223 -
1265 2202 1285 2232 2
1310 2199 1464 2243 pontem

108 2241 403 2321 εῗὲἶὲἴὲέίὶἤ(
408 2243 503 2331 Ἤρ
507 2254 627 2322 &⁶534
651 2243 766 2321 901111
789 2243 877 2321 ²35?
880 2242 1302 2327 ἭῘΒΞᾸὝἭἭ)
1350 2248 1390 2322 [ἒ
1407 2254 1465 2321 ἱὲ

108 2296 178 2364 ixiis
208 2331 276 2366 VP
349 2336 387 2366 17
410 2299 543 2366 limiptis
571 2333 604 2366 G
628 2332 766 2367 milites
799 2332 863 2367 VP
886 2333 1032 2368 seclusit
1058 2333 1231 2377 Eyssenh.
1308 2337 1351 2368 ‘25
1382 2343 1461 2366 cor-

110 2375 235 2419 ripere
262 2375 333 2410 GA
360 2377 544 2422 corrigere
576 2377 665 2412 VPb
758 2388 895 2422 genere
926 2378 993 2412 VP
1017 2379 1128 2413 modo
1154 2379 1221 2422 bya
