1614 2549
376 112 714 149 CONSTANTIVS
738 111 800 147 ET
826 111 1057 148 IVLIANVS
1081 115 1146 148 358
1357 114 1437 156 139

87 207 381 250 Romanorum
414 207 537 248 alueo
569 207 761 248 Danubii
793 207 994 260 defendit,
1027 222 1052 248 a
1073 207 1312 249 barbaricis
1332 222 1435 249 uero

88 266 335 308 excursibus
369 280 445 307 suo
477 268 596 308 tutos
628 268 821 320 praestat
854 266 1094 319 obstaculo,
1127 266 1202 307 ubi
1232 266 1436 322 pleraque

86 325 312 367 umidioris
345 324 427 365 soli
457 327 615 366 natura
647 327 690 366 et
721 324 996 366 incrementis
1028 325 1255 367 fluminum
1285 326 1437 367 redun-

86 383 234 425 dantia
265 385 471 437 stagnosa
503 386 603 425 sunt
635 386 678 424 et
708 383 869 424 referta
895 383 1097 424 salicibus
1118 384 1297 438 ideoque
1318 385 1438 426 inuia

49 452 67 478 5
85 442 170 483 11131
200 456 409 496 perquam
430 442 595 496 gnaris:
628 445 671 483 et
694 456 822 496 super
841 441 909 482 his
942 441 1176 483 insularem
1196 443 1438 484 anfractum

86 501 206 542 aditu
225 500 442 542 Parthisci
474 515 608 555 paene
640 501 892 554 contiguum
920 501 1057 541 amnis
1078 501 1222 554 potior
1243 502 1436 543 ambiens

85 562 225 600 terrae
258 560 474 601 consortio
508 559 737 613 separauit.
770 558 808 600 5.
840 558 1044 600 hortante
1077 559 1213 613 igitur
1244 561 1437 614 principe

87 632 183 658 cum
215 618 400 672 genuino
426 618 543 659 fastu
563 618 616 659 ad
636 618 880 659 citeriorem
900 632 1054 659 uenere
1074 618 1264 659 fluminis
1285 619 1438 673 iipam,

85 679 134 717 ut
166 677 305 718 exitus
339 677 499 730 docuit,
537 691 624 718 non
654 677 772 717 iussa
804 676 960 717 facturi
994 676 1066 718 sed
1103 691 1157 718 ne
1188 677 1439 718 uiderentur

33 748 67 774 10
87 735 240 776 militis
278 735 568 788 praesentiam
606 735 879 789 formidasse,
920 735 1179 790 stabantque
1219 739 1439 777 contuma-

87 794 210 847 citer,
253 794 432 848 ideoque
476 794 787 848 propinquasse
826 797 1117 835 monstrantes
1162 797 1211 835 ut
1253 795 1440 836 iubenda

85 852 370 906 repudiarent.
409 853 446 893 6.
480 867 586 906 quae
619 853 854 905 imperator
887 853 1074 893 accidere
1106 867 1232 906 posse
1254 856 1440 894 contem-

85 911 211 964 plans
255 911 300 952 in
345 911 518 965 agmina
568 911 757 964 plurima
801 910 914 951 clam
964 911 1197 952 distributo
1249 912 1439 952 exercitu

87 969 306 1010 celeritate
344 969 511 1010 uolucri
550 969 788 1022 migrantes
821 968 936 1009 intra
969 983 1147 1010 suorum
1179 970 1292 1010 acies
1326 970 1439 1011 clau-

0 1043 1 1056 ]
33 1039 66 1064 15
88 1028 155 1069 sit.
209 1030 412 1082 stansque
444 1028 489 1068 in
521 1040 679 1081 aggere
713 1027 891 1068 66131016
925 1041 1021 1068 611111
1052 1028 1200 1081 paucis
1234 1031 1276 1069 et
1309 1029 1440 1082 stipa-

85 1089 230 1128 torum
267 1086 480 1140 praesidio
519 1089 658 1127 tectus
692 1100 782 1139 eOS,
819 1100 872 1126 116
911 1085 1161 1140 ferocirent
1200 1087 1338 1127 lenius
1372 1087 1441 1128 ad-

84 1145 300 1186 monebat.
364 1145 402 1186 7.
434 1145 507 1185 sed
539 1145 796 1186 fluctuantes
831 1144 1118 1198 ambiguitate
1150 1120 1363 1186 inentium
1395 1146 1441 1187 in

86 1203 257 1244 diuersa
288 1204 568 1257 rapiebantur
601 1206 644 1244 et
682 1203 815 1244 furori
856 1203 993 1244 mixta
1026 1204 1219 1245 uersutia
1256 1207 1440 1258 tempta-

86 1261 193 1303 bant
231 1276 328 1303 cum
365 1262 564 1316 precibus
602 1261 816 1316 proelium
854 1262 1129 1316 uicinumque
1169 1263 1253 1303 sibi
1292 1263 1337 1304 in
1367 1277 1441 1304 no-

33 1333 69 1358 20
89 1323 200 1361 stros
244 1324 446 1374 parantes
492 1335 717 1361 excursum
761 1320 977 1374 proiecere
1023 1321 1220 1362 consulto
1265 1321 1439 1375 longius

87 1383 220 1433 scuta,
251 1382 301 1420 ut
333 1380 384 1420 ad
417 1394 466 1420 ea
484 1378 773 1432 recuperanda
805 1379 965 1420 sensim
985 1379 1205 1433 progressi
1227 1380 1318 1421 sine
1348 1381 1440 1421 ullo

86 1437 248 1479 fraudis
281 1438 439 1479 indicio
474 1438 615 1491 spatia
646 1437 904 1478 fuiaientur.

206 1497 244 1538 8.
282 1496 459 1551 Iamque
491 1499 696 1550 uergente
728 1496 774 1536 in
804 1511 1033 1550 uesperum
1066 1497 1133 1537 die
1167 1490 1264 1538 611111
1296 1511 1439 1538 moras

85 1569 284 1608 rumpere
316 1556 390 1597 lux
423 1558 617 1596 moneret
650 1555 865 1609 excedens,
898 1556 1051 1596 erectis
1084 1556 1257 1596 uexillis
1290 1556 1336 1596 in
1368 1570 1439 1597 eos

33 1626 68 1651 25
88 1614 214 1667 igneo
254 1614 378 1655 miles
417 1614 582 1668 impetu
626 1614 857 1655 ferebatur.
921 1614 994 1668 qui
1039 1615 1221 1656 conferti
1266 1615 1441 1668 acieque

88 1672 281 1714 densiore
314 1675 536 1714 contracta
568 1673 773 1713 aduersus
806 1673 949 1726 ipsum
982 1673 1219 1727 principem
1241 1676 1442 1727 stantem,

87 1734 136 1772 ut
168 1731 330 1772 dictum
363 1735 439 1785 est,
472 1732 602 1773 altius
625 1746 795 1772 omnem
815 1732 1026 1785 impetum
1048 1732 1325 1774 contulerunt
1345 1746 1443 1773 eum

88 1790 224 1831 oculis
256 1790 517 1831 incessentes
551 1792 593 1831 et
624 1790 803 1832 uocibus
836 1791 1106 1832 truculentis.
1156 1791 1194 1831 9.
1228 1791 1347 1832 6111113
1380 1791 1443 1831 fu-

87 1849 198 1889 roris
231 1849 466 1890 amentiam
498 1849 710 1890 exercitus
742 1849 808 1890 ira
838 1849 950 1890 ferre
981 1863 1069 1890 non
1100 1850 1244 1903 potuit
1285 1863 1442 1902 eosque

34 1921 70 1947 30
89 1906 353 1961 imperatori,
386 1911 434 1948 ut
455 1908 618 1948 dictum
638 1910 714 1961 est,
747 1908 904 1949 acriter
925 1908 1200 1949 imminentes
1222 1908 1444 1948 desinente

88 1966 134 2006 in
166 1969 399 2020 angustum
430 1966 591 2019 fronte,
631 1980 757 2019 quem
788 1966 988 2007 habitum
1021 1969 1150 2020 caput
1186 1966 1306 2020 porci
1345 1966 1444 2007 sim-

88 2024 262 2078 plicitas
295 2025 498 2066 militaris
533 2024 741 2078 appellat,
774 2025 940 2079 impetu
972 2025 1142 2066 disiecit
1175 2025 1361 2078 ardenti,
1400 2027 1443 2065 et

90 2083 241 2124 dextra
270 2083 435 2137 pedites
469 2087 664 2125 cateruas
698 2083 892 2137 peditum
913 2083 1244 2137 obtruncabant,
1277 2083 1443 2137 equites

90 2141 215 2183 laeua
247 2142 441 2196 equitum
474 2157 517 2183 se
552 2142 708 2183 turmis
742 2142 931 2195 agilibus
964 2142 1227 2183 infuderunt.
1280 2142 1346 2183 10.
1378 2156 1444 2182 co-

184 2308 203 2339 7
229 2305 419 2348 separauit
443 2305 510 2349 bqa
535 2303 702 2348 sperauit
729 2303 797 2337 VP
889 2308 908 2339 8
934 2314 1070 2338 uenere
1099 2303 1169 2338 ΘΑ
1199 2303 1327 2337 uenire
1356 2302 1445 2337 VPb

95 2352 136 2382 14
167 2359 318 2383 suorum
352 2349 456 2384 VAP
489 2316 631 2383 uallum
661 2348 705 2392 bg]
786 2352 828 2382 20
858 2349 1048 2393 proiecere
1080 2349 1116 2383 A
1146 2348 1327 2393 proiicere
1364 2348 1445 2391 Pby

92 2393 262 2437 proicere
291 2393 326 2428 V
406 2397 450 2428 '28
474 2393 744 2428 incessentibus
769 2393 835 2437 bqa
