1573 2508
115 100 200 141 230
675 86 759 123 XXI
786 90 816 130 1,
842 88 953 121 1-10

132 191 190 225 12.
215 186 391 232 Aquileia
420 183 552 226 fauens
582 180 760 214 Constan-
921 184 986 210 rus
1008 171 1205 216 Hierapoli
1228 169 1362 205 milites
1383 167 1471 203 allo·

209 234 256 268 tii
285 233 330 266 A.
363 228 531 273 partibus
569 233 760 269 oppuyna—
922 220 1061 264 quitur.

208 282 286 329 ²²5*
319 284 414 326 quf¹⁰
433 274 559 322 Ροειὲα
584 270 760 312 ωἠΡεΤῩο
845 284 899 318 14.
919 280 1117 326 praesayia
1141 277 1267 313 mortis
1293 274 1471 310 Cothan-

212 331 290 357 ezus
315 319 414 354 obilu
444 316 597 352 Iulumo
635 324 670 349 se
704 312 762 347 de·
922 327 968 362 tii
992 325 1039 360 A·

132 415 185 448 13.
211 365 331 453 gigig}
355 407 501 442 domum
531 402 673 438 reducit
706 409 762 435 co·
845 375 900 408 15⁸
924 370 1080 406 moritur
1137 364 1374 402 commiti-us
1425 362 1473 401 A'

208 456 310 500 pias,
348 449 595 487 inhibentibus
633 445 762 481 bellum

211 498 405 543 auspiciis:
447 490 763 531 Constantius‚A.
846 487 901 520 16.
930 481 1141 518 Cmtstantii
1171 479 1218 516 A.
1247 477 1403 512 uirtutes
1441 478 1475 511 et

212 545 253 579 in
285 543 481 578 Iulianum
516 548 620 573 arma
650 537 763 570 motu·
924 529 1033 563 uitia.

925 414 1028 460 apud
1038 413 1297 448 Mobsucrenas
1307 408 1471 444 Ciliciae.

248 660 286 703 l.
323 661 359 701 1.
389 655 629 699 Intercluso
661 651 742 692 hac
774 647 989 690 bellorum
1018 641 1187 684 difficili
1220 642 1334 681 sorte
1367 635 1476 680 Con·

125 720 286 762 stantio
320 721 438 759 trans
472 715 629 755 flumen
660 708 940 763 Euphratem,
971 702 1164 744 Iulianus
1197 711 1328 753 agens
1363 695 1475 751 apud

123 778 341 820 Viennam
366 771 600 816 formandis
634 769 679 810 in
709 768 853 808 futura
886 761 1074 805 consiliis
1095 759 1184 800 dies
1218 755 1477 811 inpendebat

128 840 172 879 et
201 838 364 887 noctes,
404 833 610 888 quantum
643 840 744 881 opes
782 822 1059 878 patiebantur
1097 818 1306 870 angustae
1345 813 1476 855 altius

130 898 265 938 semet
298 892 525 943 adtollens,
557 898 806 940 semperque
839 879 1063 933 ambigens
1096 879 1240 917 utrum
1272 872 1513 915 constan-⁵

127 955 238 996 tium
270 951 408 993 modis
429 947 627 991 omnibus
649 943 843 986 alliceret
875 940 918 980 in
947 935 1229 986 concordiam,
1262 947 1317 974 an
1346 933 1479 972 terro-

129 1013 189 1054 ris
223 1008 456 1053 incutiendi
489 1004 631 1061 gratia
651 1001 882 1044 lacesseret
913 996 1041 1051 prior.
1093 994 1129 1034 2.
1151 1005 1259 1047 quae
1293 989 1479 1031 sollicite

129 1073 335 1125 reputans
377 1070 605 1118 utrumque
637 1057 912 1109 formidabat,
952 1057 995 1095 et
1036 1052 1220 1094 amicum
1258 1050 1480 1090 cruentum

131 1133 173 1171 et
214 1129 259 1170 in
301 1124 516 1169 aerumnis
550 1119 750 1163 ciuilibus
793 1128 919 1168 saepe
951 1113 1172 1163 uictorem,
1212 1107 1480 1162 maximeque

132 1187 251 1229 Galli
291 1185 440 1227 fratris
481 1178 722 1233 exemplum
754 1177 941 1216 mentem
974 1171 1063 1212 eius
1097 1167 1268 1210 anxiam
1309 1178 1482 1219 suspen·
1501 1172 1535 1197 10

135 1247 277 1300 debat,
310 1257 436 1298 quem
468 1238 625 1282 inertia
658 1235 903 1287 mixtaeque
941 1227 1140 1284 periuriis
1178 1223 1349 1266 fraudes
1389 1236 1483 1277 pro-

135 1305 279 1346 didere
313 1299 592 1357 quorundam.
654 1295 693 1336 3.
714 1292 909 1346 erigebat
939 1292 1084 1329 tamen
1112 1283 1369 1339 aliquotiens
1397 1281 1484 1322 ani-

136 1378 253 1405 mum
275 1361 327 1403 ad
349 1359 485 1401 inulta
506 1359 548 1398 et
581 1352 793 1408 urgentia,
824 1347 1090 1390 tutissimum
1112 1346 1230 1386 ratus
1263 1340 1484 1382 inimicum

138 1437 183 1463 se
217 1436 267 1462 ex
301 1418 496 1461 confesso
529 1415 770 1455 monstrare
803 1408 854 1462 ei,
887 1406 1006 1448 cuius
1039 1419 1088 1445 ex
1120 1401 1366 1456 praeteritis
1399 1411 1485 1438 mo-

135 1484 206 1522 tus
240 1476 512 1520 coniectabat
544 1475 592 1514 ut
622 1469 821 1525 prudens,
852 1479 903 1506 ne
935 1478 1011 1519 per
1032 1460 1245 1503 amicitias
1278 1458 1399 1499 fictas
1426 1457 1485 1497 in-
1506 1463 1538 1489 1⁵

137 1539 258 1580 sidiis
291 1536 516 1578 falleretur
537 1529 728 1573 occultis.
790 1527 828 1566 4.
850 1523 973 1578 parui
1004 1521 1138 1574 igitur
1169 1516 1345 1569 habitis,
1378 1528 1486 1569 quae

138 1612 214 1652 per
246 1595 437 1636 Leonam
470 1587 749 1632 Constantius
789 1582 1031 1636 scripserat,
1068 1577 1272 1630 nulloque
1306 1572 1487 1616 arbitrio

140 1656 230 1697 eius
270 1654 563 1707 promotorum
602 1646 799 1698 suscepto
845 1643 1016 1695 praeter
1053 1635 1326 1687 Nebridium,
1371 1632 1490 1686 quin-

141 1712 371 1768 quennalia
393 1709 615 1761 Augustus
638 1704 723 1745 iam
745 1700 894 1742 edidit:
923 1700 965 1739 et
997 1694 1227 1738 ambitioso
1248 1691 1488 1733 diademate

140 1772 345 1813 utebatur
377 1767 567 1822 lapidum
599 1763 767 1816 fulgore
799 1758 1015 1809 distincto,
1048 1768 1142 1795 cnm
1173 1752 1285 1793 inter
1317 1747 1489 1790 exordia
1508 1756 1542 1781 20

142 1830 409 1886 principatus
443 1821 659 1876 adsumpti
692 1819 771 1861 uili
803 1830 958 1858 corona
979 1811 1264 1855 circumdatus
1295 1810 1388 1849 erat
1419 1821 1490 1860 xy-

146 1887 345 1931 starchae
390 1883 545 1925 similis
589 1880 834 1935 purpurato.
910 1874 947 1915 5.
993 1873 1104 1913 inter
1148 1882 1255 1923 quae
1298 1865 1490 1907 Helenae

146 1946 342 1999 coniugis
375 1943 598 1985 defunctae
632 1950 829 1991 suprema
860 1933 1037 1973 miserat
1056 1928 1239 1970 Romam
1271 1925 1315 1966 in
1346 1924 1493 1965 subur⁶

146 2007 259 2047 bano
302 2004 396 2044 uiae
437 2000 736 2042 Nomentanae
778 1990 1015 2042 condenda,
1058 1987 1131 2029 ubi
1175 1999 1281 2027 uxor
1325 1995 1491 2037 quoque

148 2063 265 2104 Galli
309 2060 535 2115 quondam,
579 2068 701 2097 soror
742 2053 844 2104 eius,
885 2047 1053 2102 sepulta
1094 2047 1159 2086 est
1198 2040 1493 2085 Constantina.
1512 2048 1546 2075 2⁵

1560 864 1568 893 l

1563 910 1567 914 “
1572 907 1573 939 l

242 2193 258 2222 1
285 2185 487 2221 intercluso
512 2183 581 2217 hac
605 2180 709 2224 I’bya
735 2175 952 2212 interclusos
977 2184 1018 2208 ac
1048 2171 1080 2205 V
1147 2175 1165 2204 ἵ
1198 2169 1372 2213 priorque
1397 2165 1495 2200 solli-

151 2235 223 2270 cite
261 2234 438 2275 reputans
476 2231 552 2271 pos-t
589 2224 759 2259 alliceret
784 2223 832 2265 (6)
853 2220 1015 2264 positum
1051 2215 1163 2250 Vl’ba
1189 2216 1269 2257 post
1299 2210 1497 2246 lacesseret

153 2279 206 2323 (7)
235 2277 268 2311 G
321 2279 339 2310 7
359 2271 562 2308 incutiendi
585 2270 685 2311 qua
708 2261 1036 2310 iu<cou>cutiendi
1061 2259 1095 2293 V
1155 2263 1196 2293 14
1213 2257 1333 2291 motus
1356 2254 1497 2289 VGAP

151 2322 255 2358 metii
271 2321 290 2355 b
355 2321 395 2352 1ss
411 2316 549 2351 habitis
581 2305 744 2347 Valesius
769 2310 878 2344 unitis
906 2307 1017 2351 VPby
1086 2308 1127 2338 ‘3⁴2
1153 2302 1308 2337 helenae
1334 2300 1414 2345 Pby
1438 2307 1496 2333 ae-

154 2368 285 2403 laenae
317 2363 349 2397 V
398 2367 440 2397 '23
465 2361 620 2394 Romam
641 2358 673 2391 G
692 2366 795 2391 roma
819 2354 884 2388 ΓΡ
900 2352 1039 2387 Romae
1058 2350 1100 2384 ba
