1573 2508
524 45 813 82 PRAEFATIO.
1333 49 1404 84 VH

52 157 139 184 non
181 142 234 184 ad
278 142 428 183 luxum
473 154 521 182 ac
564 140 773 182 desidiam
818 140 976 183 abusus
1009 144 1086 194 est,
1128 145 1177 183 ut
1207 143 1402 198 plerique

53 203 146 242 tum
188 200 328 242 facere
374 199 593 241 solebant:
637 200 710 240 sed
748 200 1012 254 optimarum
1055 200 1215 242 artium
1248 202 1401 243 studiis

53 262 97 300 et
142 262 366 300 auctorum
411 258 599 300 maxime
637 257 892 300 Latinorum
931 258 1107 299 lectioni
1146 274 1320 313 vacanS,
1358 261 1404 302 in

52 317 283 359 clarissimi
325 320 368 358 et
405 317 646 358 doctissimi
684 318 889 371 cuiusque
936 317 1128 358 amicitia
1166 293 1401 360 consenuit.

52 375 204 418 Testes
237 379 337 418 sunt
368 390 478 417 unus
511 378 554 416 et
573 376 757 429 triginta
775 375 1072 417 Historiarum
1098 376 1213 431 libri,
1247 377 1401 431 quibus

51 449 119 476 res
159 434 378 476 Romanas
419 434 471 475 ab
506 434 679 475 exordio
711 433 882 475 Nervae
915 434 968 475 ad
1000 433 1200 476 Valentis
1234 435 1402 477 obitum

51 493 444 547 comprehenderat.
508 492 624 542 Quos
665 492 837 547 quidem
875 492 1011 534 libros
1048 492 1214 534 Romae
1254 494 1308 535 ab
1352 509 1402 536 eo

52 552 236 606 scriptos
268 552 402 593 fuisse
434 551 575 592 multa
607 554 863 606 argumenta
883 551 1194 593 demonstrant.
1256 552 1401 594 Primo

52 610 167 651 enim
205 624 406 652 censurae
439 610 541 651 illae
575 625 676 651 sane
709 623 876 664 graves,
910 610 1065 664 quibus
1098 610 1142 650 in
1176 611 1285 652 vitia
1315 611 1402 653 No-

49 669 237 710 bilitatis
289 669 418 710 simul
469 683 517 710 ac
566 669 706 722 plebis
756 668 978 710 Romanae
1028 668 1265 723 invehitur,
1315 684 1402 711 non

51 727 178 768 modo
211 728 257 768 in
287 727 399 768 libro
432 726 549 768 XIV.
583 742 615 768 9.
648 728 686 769 6.
719 728 792 768 sed
825 728 956 768 etiam
988 728 1033 768 in
1063 727 1268 769 XXVIII.
1301 743 1334 770 9.
1365 730 1400 769 1.

51 789 94 826 et
138 785 262 840 alibi,
312 801 398 827 non
443 787 496 827 ab
548 786 633 827 alio
680 800 808 840 quam
853 787 905 827 ab
957 787 1076 827 urbis
1125 786 1290 828 Romae
1340 787 1402 827 in-

53 845 220 898 quilino
252 845 467 898 proficisci
498 847 744 898 potuerunt.
814 844 898 886 Cur
938 845 1051 886 enim
1086 846 1212 886 unius
1250 846 1401 899 populi

49 901 176 944 Rom.
208 903 365 945 delicta
397 907 488 945 tam
521 906 717 945 accurate
750 904 931 945 retulit?
964 903 1035 944 An
1065 904 1181 945 solus
1215 918 1263 945 eo
1297 907 1403 946 tem-

50 975 154 1015 pore
198 962 385 1016 populus
434 961 560 1002 Rom.
610 962 729 1003 vitiis
776 962 1000 1004 scatebat?
1050 961 1204 1003 Nonne
1255 963 1402 1004 eadem

51 1019 432 1074 Constantinopoli
471 1020 602 1062 etiam
635 1021 906 1075 agebantur?
970 1020 1052 1062 Sed
1089 1021 1295 1062 nimirum
1329 1022 1400 1075 qui

49 1077 214 1120 Romae
246 1080 465 1120 residebat
498 1083 541 1120 et
572 1079 780 1120 Romanis
813 1079 1020 1121 historias
1046 1095 1144 1121 suas
1177 1080 1401 1134 recitabat,

49 1137 179 1179 huius
211 1138 328 1179 modi
360 1138 739 1192 obiurgationibus
773 1139 1001 1179 admonere
1034 1139 1147 1179 cives
1168 1138 1401 1193 Romanos,

51 1199 94 1237 91
127 1197 180 1238 ad
212 1197 436 1238 meliorem
467 1197 639 1250 frugem
670 1211 872 1238 revocare
900 1197 1111 1251 cupiebat.
1172 1196 1403 1238 Praeterea

50 1255 165 1296 idem
209 1255 399 1297 ostendit
436 1255 711 1309 reprehensio
752 1255 972 1297 Senator-is
1016 1256 1239 1296 cuiusdam
1276 1255 1400 1297 Rom.

51 1328 158 1368 quae
190 1314 352 1368 legitur
384 1314 429 1354 in
459 1314 672 1367 principio
705 1314 806 1355 libri
838 1313 996 1355 XXVI.
1059 1313 1141 1355 Sed
1161 1314 1205 1355 in
1227 1314 1400 1356 exordio

50 1372 144 1426 ipso
183 1373 286 1414 libri
323 1371 527 1413 XXVIII.
568 1372 697 1426 longe
737 1373 894 1413 clarius
932 1372 976 1413 id
1007 1373 1150 1426 ipsum
1184 1372 1402 1426 significat

49 1430 342 1472 Marcellinus.
414 1431 493 1471 Ait
537 1431 652 1472 enim
695 1431 894 1472 timuisse
940 1446 1003 1485 39,
1049 1432 1084 1471 31
1129 1431 1401 1474 calamitates

50 1490 170 1531 urbis
201 1489 366 1531 Romae
400 1490 640 1531 accuratius
674 1493 1048 1543 commemoraret,
1086 1504 1138 1530 ne
1171 1490 1285 1530 idem
1317 1490 1401 1532 sibi

51 1549 263 1590 accideret
296 1548 409 1602 quod
442 1548 547 1589 olim
578 1548 846 1603 Phrynicho:
887 1549 961 1602 qui
993 1563 1090 1590 cum
1122 1549 1401 1602 expugnatio-

49 1622 150 1648 nem
186 1607 330 1648 Mileti
368 1604 495 1662 (quae
535 1605 716 1648 Colonia
752 1607 1087 1648 Atheniensium
1127 1605 1238 1662 erat)
1279 1620 1401 1661 argu-

51 1668 246 1707 mentum
280 1666 536 1720 sumpsisset
567 1666 827 1720 tragoediae,
860 1666 1076 1720 suffragiis
1097 1665 1248 1720 populi
1268 1665 1400 1707 Athe-

50 1725 211 1766 niensis
249 1724 442 1779 graviter
480 1725 690 1766 multatus
732 1724 865 1766 fuisse
899 1725 1066 1766 dicitur.
1128 1724 1324 1779 Denique
1358 1725 1400 1766 in

50 1783 163 1824 libro
196 1782 329 1824 XXX.
362 1798 394 1824 9.
426 1784 465 1824 4.
497 1783 547 1824 de
579 1783 901 1825 Advocatorum
937 1783 1205 1837 professione
1236 1783 1402 1824 locutu-

50 1857 137 1896 rus⁷
170 1857 213 1883 se
245 1842 291 1882 in
323 1841 553 1883 Occidente
584 1842 730 1896 fuisse,
763 1857 859 1883 cum
892 1857 941 1883 ea
962 1842 1181 1895 scriberet,
1213 1844 1401 1883 testatur

50 1900 119 1941 his
151 1901 312 1942 verbis:
344 1900 482 1955 Ergo
529 1901 786 1942 absolutis
833 1915 983 1954 super
1017 1901 1126 1941 eius
1172 1900 1401 1954 indigni-

51 1962 159 2000 tate
190 1960 389 2013 paucis,
424 1974 575 2013 quam
607 1960 662 2000 in
698 1960 812 2001 illis
856 1957 1171 2015 (Orientalibus
1216 1957 1401 2014 scilicet)

50 2018 293 2072 partibus
339 2031 494 2072 agens
540 2021 781 2072 expertus
827 2033 950 2071 sum,
996 2018 1055 2059 ad
1106 2020 1401 2071 coeptorum

51 2091 252 2118 cursum
284 2077 563 2131 regrediar.
626 2077 749 2126 Quod
781 2077 817 2117 si
851 2077 945 2131 quis
977 2076 1161 2118 fortasse
1187 2076 1256 2117 his
1277 2089 1401 2130 argu-

51 2136 210 2177 mentis
241 2149 328 2176 non
361 2136 466 2176 satis
505 2136 724 2176 convictus
763 2138 845 2189 est,
888 2135 1061 2176 Libanii
1099 2138 1213 2176 certe
1251 2134 1401 2176 Antio-

51 2193 179 2235 cheni
210 2194 459 2236 testimonio
493 2194 606 2235 idem
625 2209 712 2236 non
737 2194 976 2248 derogabit.
1037 2193 1121 2234 Hic
1153 2194 1198 2234 in
1218 2193 1403 2247 epistola

52 2253 106 2294 ad
142 2252 445 2294 Marcellinum
482 2256 698 2306 nostrum,
736 2268 834 2294 eum
867 2252 1029 2295 Romae
1060 2252 1232 2307 vixisse,
1264 2255 1307 2293 et
1338 2252 1401 2292 hi-

53 2311 211 2353 storias
246 2326 343 2353 suas
376 2325 533 2366 magno
568 2326 663 2353 cum
696 2312 852 2365 plausu
885 2314 927 2352 ct
959 2311 1104 2353 favore
1138 2311 1287 2365 populi
1317 2309 1402 2351 Ro-
