1614 2549
390 92 729 129 CONSTANTIVS
752 91 816 127 ET
841 93 1027 129 GALLUS
1052 99 1118 130 353
1378 96 1437 139 25

87 191 334 230 contentum
371 187 578 242 palatinis
611 191 654 229 et
690 191 983 242 protectorum
1022 203 1118 230 cum
1151 189 1357 232 Scutariis
1391 196 1434 233 et

86 246 344 300 Gentilibus,
382 248 424 287 et
455 246 690 288 mandabat
720 246 984 300 Domitiano,
1023 262 1073 289 ex
1112 249 1266 290 comite
1304 249 1437 305 largi-

85 305 264 360 tionum,
294 304 513 359 praefecto
545 307 594 346 ut
626 320 720 346 cum
752 306 797 346 in
830 304 999 359 Syriam
1031 307 1209 362 uenerit,
1247 307 1437 363 Gallum,

87 378 213 419 quem
251 364 400 405 crebro
440 364 665 417 acciuerat,
703 364 757 405 ad
794 363 969 405 Italia-m
1006 380 1238 420 properare
1277 367 1433 409 blande

50 438 66 463 5
85 422 334 464 hortaretur
365 426 403 464 et
431 422 678 464 uerecunde.
718 423 784 464 10.
812 423 885 477 qui
905 437 999 464 cum
1019 425 1210 466 uenisset
1241 425 1295 466 ob
1328 425 1435 468 haec

85 481 303 522 festinatis
347 481 575 522 itineribus
619 480 917 534 Antiochiam,
966 483 1235 537 praestrictis
1279 485 1435 538 palatii

85 540 237 594 ianuis,
275 542 520 594 contempto
561 538 757 593 Caesare,
796 554 922 594 quem
959 540 1095 582 uideri
1132 541 1344 596 decuerat,
1382 544 1436 585 ad

84 599 348 652 praetorium
387 613 482 640 cum
518 613 677 653 pompa
717 598 917 640 sollemni
948 599 1139 653 perrexit
1176 601 1434 656 morbosque

85 657 156 698 diu
189 660 387 699 causatus
419 671 497 698 nec
527 658 693 712 regiam
725 657 895 698 introiit
924 671 1001 699 nec
1038 659 1249 712 processit
1287 660 1332 700 in
1362 675 1435 714 pu-

32 731 65 756 10
84 715 257 769 blicum,
290 716 363 757 sed
395 716 564 757 abditus
598 717 734 758 multa
766 716 810 756 in
843 716 931 757 eius
965 717 1225 758 moliebatur
1257 718 1435 760 exitium

85 774 243 816 addens
265 774 473 829 quaedam
492 775 776 816 relationibus
810 789 1085 829 superuacua,
1117 791 1223 830 quas
1257 777 1434 818 subinde

85 833 333 874 dimittebat
347 833 400 874 ad
418 833 671 887 principem.
706 834 771 874 11.
791 837 967 887 rogatus
989 834 1042 875 ad
1061 834 1262 876 ultimum
1282 836 1436 877 admis-

85 906 241 945 susque
264 892 309 932 in
329 892 632 933 consistorium
653 893 835 947 ambage
855 892 977 934 nulla
1008 907 1261 948 praegressa
1294 894 1435 936 incon-

86 950 270 992 siderate
304 953 346 991 et
383 951 538 992 leuiter
570 950 863 1005 ‘proficiscere'
895 951 1036 1005 inquit
1066 951 1126 993 ‘ut
1157 956 1434 1007 praeceptum

32 1024 65 1048 15
85 1011 162 1062 est,
195 1008 354 1051 Caesar
374 1009 512 1051 sciens
534 1010 646 1064 quod
679 1010 715 1051 si
736 1011 983 1062 cessaueris,
1015 1013 1058 1051 et
1089 1013 1186 1052 tuas
1207 1014 1250 1052 et
1280 1012 1435 1066 palatii

84 1068 148 1108 tui
181 1067 340 1109 auferri
370 1068 526 1109 iubebo
558 1083 691 1123 prope
723 1068 835 1110 dien]
867 1070 1084 1111 annonas’.
1144 1069 1309 1125 hocque
1342 1071 1435 1112 solo

85 1127 395 1168 contumaciter
427 1127 540 1168 dicto
580 1128 796 1169 subiratus
831 1127 1040 1169 abscessit
1070 1142 1148 1169 nec
1186 1128 1231 1169 in
1264 1143 1437 1183 conspe-

86 1188 201 1226 ctum
222 1185 311 1226 eius
332 1188 483 1239 postea
514 1186 634 1227 uenit
655 1187 824 1240 saepius
858 1187 1102 1229 arcessitus.
1138 1187 1202 1228 12.
1229 1187 1329 1229 hinc
1360 1189 1435 1229 ille

87 1247 325 1285 commotus
369 1248 417 1285 ut
459 1245 620 1286 iniusta
664 1245 883 1299 perferens
929 1248 972 1286 et
1015 1245 1193 1299 indigna
1228 1246 1436 1300 praefecti

33 1317 66 1342 20
87 1303 324 1344 custodiam
360 1303 679 1356 protectoribus
718 1304 999 1345 mandauerat
1044 1304 1151 1344 fidis.
1219 1320 1302 1359 quo
1341 1320 1436 1347 con-

85 1364 208 1415 perto
230 1360 420 1402 Montius
452 1364 555 1403 tunc
587 1364 788 1416 quaestor
808 1361 915 1403 Afer
942 1362 1112 1416 quidem
1145 1363 1217 1404 sed
1250 1364 1303 1405 ad
1334 1364 1437 1405 leni-

85 1423 221 1461 tatem
265 1420 532 1474 propensior,
577 1421 801 1461 consulens
846 1421 891 1462 in
935 1434 1158 1462 commune
1203 1422 1435 1464 aduocatos

84 1478 378 1532 palatinarum
415 1479 580 1533 primos
620 1479 865 1521 scholarum
897 1479 1120 1521 adlocutus
1160 1484 1226 1521 est
1262 1482 1436 1523 mollius

86 1537 239 1578 docens
276 1551 355 1578 nec
392 1537 538 1579 decere
576 1537 683 1579 haec
721 1538 815 1579 fieri
845 1553 922 1579 nec
958 1539 1161 1592 prodesse
1195 1539 1436 1594 addensque

33 1610 66 1635 25
86 1596 204 1637 uocis
224 1596 523 1650 obiurgatorio
545 1610 651 1638 sonu
672 1597 784 1651 quod
805 1597 842 1637 si
862 1597 904 1638 id
923 1597 1125 1651 placeret,
1150 1601 1249 1651 post
1269 1601 1436 1640 statuas

87 1653 331 1696 Constantii
346 1655 532 1696 deiectas
553 1670 680 1709 super
701 1656 925 1697 adimenda
944 1656 1035 1697 uita
1055 1656 1273 1710 praefecto
1289 1672 1438 1699 conue-

86 1713 175 1754 niet
195 1714 383 1754 securius
405 1714 600 1768 cogitari.
636 1714 700 1755 13.
726 1714 794 1755 his
816 1714 1001 1769 cognitis
1023 1713 1174 1756 Gallus
1195 1718 1243 1756 ut
1263 1730 1437 1770 serpens

87 1771 302 1826 adpetitus
322 1771 410 1813 telo
430 1773 501 1813 uel
534 1787 637 1814 saxo
658 1773 829 1827 iamque
851 1787 946 1827 spes
975 1775 1188 1814 extremas
1211 1775 1437 1828 opperiens

88 1833 130 1871 et
161 1844 408 1873 succurrens
442 1831 574 1872 saluti
606 1845 706 1872 suae
728 1831 880 1885 quauis
911 1832 1080 1872 ratione
1108 1832 1258 1886 colligi
1290 1847 1437 1874 omnes

34 1902 68 1928 30
87 1889 214 1930 iussit
234 1891 423 1930 armatos
445 1892 486 1930 et
507 1904 602 1931 cum
622 1892 789 1931 starent
809 1890 998 1943 attoniti,
1029 1890 1225 1931 districta
1246 1890 1439 1932 dentium

88 1947 178 1988 acie
216 1947 400 1988 stridens
438 1948 607 1989 ‘adeste'
645 1948 786 2002 inquit
823 1947 919 1989 ‘uiri
955 1948 1089 1989 fortes
1127 1948 1235 1989 mihi
1272 1950 1439 2003 pericli—

87 2006 200 2047 tanti
213 2006 448 2047 uobiscum.
472 2007 538 2048 14.
550 2006 741 2048 Montius
756 2021 833 2047 nos
848 2009 1015 2048 tumore
1029 2007 1237 2049 inusitato
1253 2008 1438 2062 quodam

89 2066 131 2105 et
161 2079 273 2106 nouo
312 2067 360 2105 ut
390 2065 566 2106 rebellis
600 2068 643 2106 et
680 2065 900 2106 maiestati
936 2064 1261 2107 recalcitrantes
1293 2066 1439 2122 Aug'u-

179 2241 199 2271 3
219 2240 302 2281 post
326 2237 516 2282 praefecto
541 2238 629 2272 add.
653 2239 832 2281 proueoto
863 2237 931 2272 VP
954 2248 1021 2273 om.
1047 2239 1115 2283 byca
1206 2242 1228 2273 4
1252 2239 1440 2274 acciuerat

94 2280 261 2316 Valesius
284 2281 472 2327 acciperat
495 2281 528 2316 V
549 2283 753 2327 acceperat
775 2282 879 2327 qua
925 2286 946 2317 5
971 2283 1010 2317 et
1032 2283 1101 2328 bya
1123 2292 1190 2318 om.
1213 2282 1248 2317 V
1289 2288 1329 2318 21
1349 2284 1440 2319 Afer

88 2326 279 2372 Kiessziny
307 2326 392 2361 afen
421 2326 490 2361 VP
513 2337 622 2371 asper
646 2328 713 2371 bya
742 2327 850 2361 uafer
878 2327 1047 2362 Valesius
1139 2332 1181 2362 26
1212 2329 1438 2363 constantini

94 2370 230 2416 VPbya
277 2371 477 2406 adimenda
502 2371 573 2406 ΘΑ
598 2371 801 2406 adimentia
821 2371 912 2406 VPb
959 2375 1002 2407 32
1019 2372 1125 2406 uobis
1143 2373 1380 2408 commodius
1399 2373 1439 2408 V.
