1573 2508
121 75 206 118 218
628 74 694 109 xx
717 78 750 120 8,
778 78 896 119 18-9‚
923 78 942 110 6

122 169 217 223 pori
273 169 604 223 posteritatique
660 169 886 212 iucundam
937 169 1001 211 sui
1052 170 1303 212 memoriam
1354 185 1465 213 com·

123 227 346 269 mendare!
1186 233 1188 235 ’

244 286 309 327 18.
340 285 421 327 His
455 285 612 328 litteris
646 287 812 330 iunctas
847 287 1096 329 secretiores
1128 287 1236 329 alias
1258 287 1467 330 Constan-

121 345 184 386 tio
206 344 442 386 offerendas
463 344 657 387 clanculo
691 346 810 388 misit
829 345 1148 401 obiurgatorias
1169 348 1212 387 et
1235 347 1466 401 mordaces,

123 417 303 457 quarum
323 403 478 444 seriem
497 418 574 444 nec
595 405 778 446 scrutari
810 404 931 446 licuit
951 419 1040 458 nec,
1072 404 1107 445 si
1134 404 1338 458 licuisset,
1369 419 1463 459 pro·
1484 415 1501 442 5

122 462 234 503 ferre
265 462 445 504 decebat
475 462 520 503 in
549 463 779 516 publicum.

247 520 311 561 19.
330 519 398 561 Ad
431 520 471 562 id
504 535 655 563 munus
676 522 923 576 inplendum
944 521 1068 562 electi
1088 521 1170 562 uiri
1202 524 1301 563 sunt
1321 522 1466 576 grauis

122 579 356 621 Pentadius
395 579 634 621 officiorum
672 581 892 635 magister,
930 583 972 621 et
1009 579 1242 622 Eutherius
1281 579 1468 622 cubiculi

123 641 225 679 t1u1c
261 639 543 693 praepositus,
580 642 680 692 post
717 639 885 681 oblatas
924 639 1092 680 litteras
1131 639 1310 681 relaturi
1346 639 1466 681 nullo

125 711 353 751 suppresso
392 712 498 751 quae
542 698 741 739 uiderunt
779 701 821 739 et
865 712 991 752 super
1035 697 1181 739 ordine
1225 698 1465 740 futurorum
1487 710 1519 735 ιο

123 755 304 796 fidenter
336 756 483 796 acturi.

241 814 309 855 20.
341 813 533 856 Auxerat
570 815 682 856 inter
713 815 818 856 haec
850 818 1096 869 coeptorum
1133 814 1341 856 inuidiam
1372 814 1468 856 Flo-

123 872 235 914 renti
267 872 372 926 fuga
402 874 622 927 praefecti,
653 874 726 928 qui
746 874 865 915 uelut
895 873 1171 927 praesagiens
1192 873 1466 915 concitandos

123 933 265 972 motus
298 931 352 972 ob
386 932 580 985 militem,
614 936 660 974 ut
692 947 886 973 sermone
919 935 1043 973 tenus
1076 931 1330 985 iactabatur,
1364 932 1467 973 acci-

122 992 226 1043 tum,
270 990 465 1031 consulto
510 991 764 1032 discesserat
806 990 1029 1044 Viennam,
1067 990 1366 1032 alimentariae
1404 990 1467 1032 rei
1488 1003 1520 1029 1⁵

123 1048 265 1102 grat-ia
295 1048 444 1089 diuelli
477 1053 675 1091 causatus
709 1065 733 1091 a
765 1047 959 1102 Caesare,
992 1064 1117 1104 quem
1150 1063 1274 1103 saepe
1313 1051 1466 1091 tracta-

122 1109 215 1147 tum
260 1107 452 1161 asperius
497 1108 767 1149 formidabat.
829 1108 897 1149 21.
935 1108 1033 1148 dein
1070 1122 1165 1149 cum
1203 1107 1467 1162 conperisset

124 1179 220 1206 eum
259 1165 311 1206 ad
356 1168 584 1219 augustum
621 1167 789 1208 culmen
820 1168 1025 1219 enectum,
1069 1167 1223 1220 exigua
1255 1180 1301 1207 ac
1334 1180 1466 1220 prope

123 1224 245 1265 nulla
273 1224 446 1266 uiuendi
484 1240 558 1279 spe
596 1240 744 1267 uersus
783 1225 828 1265 in
860 1228 1032 1278 metum,
1069 1227 1118 1266 ut
1149 1225 1276 1279 longe
1311 1225 1467 1266 disiun-

1565 838 1572 853 η
1562 636 1573 824 -aev-aeun-mssz·
1564 618 1573 623 1
1568 599 1569 602 „
1566 550 1573 580 A..
1566 441 1573 535 μ*

124 1285 229 1335 ctus,
262 1283 387 1324 malis
420 1298 476 1336 se,
509 1298 616 1337 quae
649 1284 959 1337 suspicabatur,
991 1283 1148 1325 exemit
1167 1286 1210 1324 et
1238 1283 1468 1325 necessitu-
1487 1297 1521 1322 κο
1572 1298 1573 1301 “

123 1340 220 1381 dine
252 1342 367 1382 omni
399 1342 551 1383 relicta
582 1342 800 1395 digressus
835 1342 952 1383 uenit
984 1342 1035 1383 ad
1068 1340 1369 1383 Constantium
1401 1341 1467 1383 iti-

122 1400 296 1441 neribus
330 1400 472 1453 lentis,
511 1403 641 1455 utque
680 1415 724 1441 se
756 1400 864 1441 nulli
899 1401 1129 1442 obnoxium
1169 1400 1319 1454 culpae
1351 1414 1468 1441 mon·

124 1461 292 1512 straret,
318 1458 532 1500 Iulianum
553 1463 599 1501 ut
620 1459 881 1513 perduellem
904 1459 1050 1500 multis
1072 1459 1322 1501 criminibus
1344 1459 1466 1513 adpe-

124 1517 256 1558 tebat.
318 1517 385 1558 22.
418 1518 535 1559 cuius
574 1521 673 1571 post
704 1518 868 1559 abitum
907 1518 1014 1559 bene
1046 1517 1238 1559 Iulianus
1271 1517 1465 1572 cogitans

124 1578 168 1616 et
204 1577 446 1630 prudenter,
485 1577 666 1632 scirique
706 1577 855 1618 uolens
890 1577 1002 1630 quod
1044 1576 1260 1630 praesenti
1299 1590 1466 1631 quoque
1486 1588 1519 1615 25

122 1634 398 1688 pepercisset,
442 1635 644 1676 caritates
683 1635 772 1676 eius
811 1650 905 1676 cuin
949 1650 993 1675 re
1041 1635 1245 1676 familiari
1293 1635 1467 1688 intacta,

122 1692 284 1746 publici
306 1707 451 1734 cursus
485 1709 563 1734 usu
594 1694 817 1748 permisso,
849 1693 901 1734 ad
922 1694 1130 1734 orientem
1162 1693 1298 1734 redire
1333 1693 1464 1735 tutius

123 1750 348 1804 inperauit.

243 1809 286 1851 9.
325 1811 359 1851 1.
390 1809 481 1852 Nec
502 1811 664 1852 minore
698 1811 838 1852 studio
865 1812 999 1852 secuti
1031 1811 1167 1865 legati
1199 1810 1303 1852 haec
1324 1825 1466 1852 secum

123 1867 321 1921 ferentes,
353 1884 460 1922 quae
492 1870 791 1923 praediximus,
823 1870 1058 1924 intentique
1079 1869 1130 1910 ad
1151 1869 1351 1910 uiandum
1372 1883 1467 1910 cum
1485 1881 1519 1907 80

124 1927 320 1968 uenirent
352 1928 403 1968 ad
436 1928 595 1969 iudices
629 1929 843 1981 celsiores,
876 1928 1048 1983 oblique
1081 1928 1348 1979 tenebantur,
1380 1942 1466 1969 mo-

124 1999 276 2039 rasque
309 2001 384 2039 per
415 1986 588 2028 Italiam
621 1989 664 2027 et
695 1987 916 2040 Illyricum
948 1987 1138 2041 perpessi
1171 1986 1391 2028 diuturnas
1424 1988 1466 2027 et

214 2133 233 2162 5
259 2131 382 2163 scruta
405 2129 523 2164 licunt
544 2130 610 2165 VI’
658 2135 676 2164 7
702 2132 788 2164 sunt
811 2131 881 2164 uiri
907 2134 1046 2174 transp,
1074 2130 1106 2163 G
1157 2133 1192 2163 11
1222 2128 1339 2163 acturi
1363 2128 1465 2173 qua

124 2173 267 2205 aucturi
299 2173 329 2206 1*
353 2174 484 2207 iacturi
512 2186 530 2208 r
584 2179 623 2208 13
649 2175 886 2209 concitandos
905 2176 974 2209 (J'A
992 2174 1212 2208 concitando
1241 2172 1292 2209 Vb
1354 2177 1395 2207 14
1419 2172 1466 2206 ob

125 2216 159 2251 G
196 2219 235 2251 et
269 2218 303 2250 A
341 2219 381 2251 ut
418 2219 505 2252 VPb
598 2224 638 2254 17
676 2219 811 2253 deinde
848 2219 889 2252 V¹
984 2224 1026 2253 20
1060 2230 1103 2253 ex
1135 2217 1406 2253 necessitudine
1438 2216 1471 2250 V

123 2264 166 2294 24
191 2262 388 2305 <a>bitun1
422 2263 450 2296 V
475 2264 643 2298 habiturn
667 2265 704 2298 1)
773 2268 815 2298 25
840 2276 912 2308 quo
943 2275 988 2298 ue
1012 2274 1076 2298 om.
1100 2264 1164 2307 ‘rby
1254 2267 1296 2297 27
1314 2261 1466 2307 publico

128 2305 242 2351 VPby
265 2318 370 2341 cursu
405 2307 512 2342 Vl'ba
610 2308 729 2342 redire
757 2310 789 2342 (ι’
815 2308 893 2342 redi
944 2308 1035 2342 r'Pbcz
1129 2312 1171 2342 28
1201 2305 1403 2352 imperauit
1432 2305 1467 2341 G

126 2350 329 2395 inpetrauit
358 2352 468 2387 VPba
563 2357 604 2387 32
630 2352 676 2387 ad
708 2352 893 2397 illyricum
925 2363 992 2397 per
1016 2352 1159 2387 italiam
1190 2356 1331 2396 transp.
1354 2350 1413 2386 Rb
