1573 2508
130 87 214 128 334
630 85 748 122 XXIII
772 89 805 129 6,
830 89 964 121 65-72

132 187 173 223 et
206 180 401 222 Emodon
434 184 476 221 et
497 179 776 234 Oporocorra.
838 179 906 220 65.
932 178 1041 220 hanc
1072 179 1218 234 itaque
1250 178 1475 232 planitiem

132 240 318 293 undique
356 253 491 292 prona
527 238 772 279 decliuitate
812 241 1087 303 praeruptam
1125 240 1346 291 terrasque
1385 237 1475 279 lato

132 299 217 339 situ
250 297 456 338 distentas
489 297 571 338 duo
610 297 765 337 famosi
802 295 988 337 nominis
1026 295 1205 337 fiumina
1235 294 1476 337 Oechardes

133 361 174 398 et
196 356 346 397 Bautis
374 356 555 396 lentiore
577 358 719 396 meatu
741 357 1008 409 percurrunt.
1070 357 1113 395 et
1132 353 1277 408 dispar
1297 356 1362 395 est
1391 357 1477 395 tra-

132 420 277 456 ctuum
298 414 567 455 diuersorum
599 414 840 467 ingenium:
872 412 942 453 1110
974 413 1183 466 patulum,
1215 412 1320 453 alibi
1352 411 1475 454 molli
1494 424 1512 451 5

132 473 373 514 (leuexitate
407 472 674 525 subductum,
706 472 886 526 ideoque
919 471 1118 512 satietate
1139 470 1312 524 frugum
1335 474 1377 512 et
1407 485 1477 525 pe-

132 532 303 573 coribus
337 534 380 572 et
411 531 600 572 arbustis
633 531 850 571 exuberat.
913 530 979 571 66.
1021 529 1214 570 incolunt
1245 532 1388 570 autem
1420 529 1478 570 fe-

132 590 436 631 cundissimam
469 589 641 643 glebam
674 589 818 630 uariae
851 591 1012 643 genteS,
1049 602 1069 629 c
1101 588 1254 642 quibus
1286 587 1477 629 Anthro-

131 648 319 703 pophagi
361 651 404 689 et
434 648 596 689 Annibi
636 650 679 688 et
711 647 887 701 Sizyges
926 649 969 687 et
1007 644 1165 688 Chardi
1203 646 1477 700 aquilonibus

133 707 289 748 obiecti
322 710 421 749 sunt
454 710 496 747 et
527 706 705 760 pruinis.
767 709 963 746 exortum
983 719 1084 746 uero
1117 705 1221 746 solis
1243 705 1481 758 suspiciunt
1499 717 1532 743 ιο

130 765 365 806 Rabannae
392 769 435 806 et
454 765 653 806 Asmirae
674 767 717 805 et
736 764 977 805 Essedones
1004 763 1196 805 omnium
1228 762 1481 817 splendidis-

135 824 246 877 simi,
279 824 434 878 quibus
455 823 708 877 Athagurae
741 823 794 863 ab
822 822 1077 864 occidentali
1108 825 1230 875 parte
1251 821 1481 863 cohaerent

133 885 176 923 et
206 882 471 936 Aspacarae:
533 882 693 923 Baetae
725 895 827 922 uero
861 880 1041 922 australi
1080 880 1331 922 celsitudine
1363 894 1480 921 mon-

132 941 243 982 tium
263 941 471 982 inclinati.
521 940 699 981 urbibus
721 940 822 980 licet
842 954 927 980 non
947 939 1108 992 multis,
1140 939 1309 993 magnis
1335 942 1480 980 tamen

133 999 404 1040 celebrantur
436 1002 480 1040 et
511 999 739 1052 opulentis,
776 998 889 1039 inter
920 1012 1025 1052 quas
1064 997 1274 1039 maximae
1306 997 1482 1038 Asmira
1499 1009 1534 1034 15

134 1063 177 1099 ct
208 1057 404 1099 Essedon
447 1061 489 1099 et
522 1058 742 1110 Aspacara
781 1060 824 1097 et
856 1056 961 1098 Sera
997 1056 1158 1097 nitidae
1203 1059 1303 1096 sunt
1335 1058 1378 1097 et
1408 1069 1480 1096 no-

132 1116 339 1158 tissimae.
402 1116 470 1157 67.
503 1119 636 1169 agunt
668 1118 811 1156 autem
844 1115 926 1168 ipsi
960 1114 1144 1168 quietius
1178 1113 1314 1167 Seres,
1345 1128 1481 1156 armo-

132 1189 227 1216 rum
260 1189 427 1228 semper
459 1178 502 1215 et
533 1174 797 1228 proeliorum
830 1176 1036 1227 expertes,
1068 1176 1200 1226 utque
1234 1172 1480 1214 hominibus

134 1234 292 1275 sedatis
331 1237 373 1274 et
410 1233 591 1287 placidis
631 1233 767 1273 otium
807 1234 871 1273 est
908 1231 1196 1285 uoluptabile,
1240 1231 1350 1272 nulli
1388 1230 1481 1272 fini-

134 1292 339 1333 timorum
372 1291 556 1333 molesti.
619 1291 724 1332 caeli
758 1291 869 1344 apud
890 1304 962 1331 eos
995 1289 1179 1331 iucunda
1211 1289 1480 1344 salubrisque
1498 1302 1533 1327 20

134 1351 380 1404 temperies,
431 1350 538 1391 aeris
589 1349 719 1390 facies
765 1348 923 1390 munda
966 1348 1210 1402 leniumque
1255 1351 1481 1389 uentorum

135 1408 507 1450 commodissimus
546 1409 672 1449 flatus
713 1411 755 1449 et
793 1407 958 1449 abunde
997 1407 1131 1447 siluae
1163 1407 1420 1460 sublucidae,
1457 1421 1483 1447 a

135 1468 290 1522 quibus
329 1467 532 1508 arborum
577 1468 689 1507 fetus
728 1480 936 1520 aquarum
975 1465 1276 1519 asperginibus
1321 1464 1481 1506 crebris

135 1526 253 1567 uelut
299 1526 505 1580 quaedam
549 1525 710 1566 uellera
750 1524 974 1565 molientes
1014 1538 1063 1564 ex
1108 1523 1310 1577 lanugine
1355 1527 1398 1564 et
1434 1523 1481 1563 li-

136 1599 266 1638 quore
299 1584 478 1625 mixtam
517 1584 805 1625 subtilitatem
844 1583 1118 1623 tenerrimam
1157 1584 1346 1635 pectunt,
1382 1595 1480 1622 nen—
1499 1592 1534 1618 25

134 1646 284 1697 tesquc
317 1640 594 1697 subtegmina
625 1642 856 1683 conficiunt
888 1641 1069 1682 sericum
1090 1640 1142 1680 ad
1175 1655 1276 1681 usus
1302 1639 1482 1681 antehac

135 1702 356 1755 nobilium,
394 1716 505 1742 nunc
545 1701 675 1742 ctiam
708 1700 951 1740 infimorum
985 1699 1075 1740 sine
1106 1699 1196 1739 ulla
1228 1698 1482 1739 discretione

135 1760 375 1814 proficiens.
437 1761 504 1801 (58.
525 1759 608 1813 ipsi
641 1762 809 1812 praeter
842 1758 949 1799 alios
983 1757 1264 1811 frugalissimi
1298 1756 1483 1810 pacatio-

136 1818 195 1861 ris
230 1818 344 1859 uitae
377 1818 562 1859 cultores
595 1818 783 1858 uitantes
816 1817 1078 1870 reliquorum
1111 1815 1360 1856 mortalium
1393 1829 1482 1856 coe-

135 1882 218 1918 tus.
268 1892 447 1931 cumque
469 1877 519 1917 ad
541 1876 770 1917 coemenda
789 1875 863 1916 fila
883 1874 951 1915 uel
972 1874 1177 1927 quaedam
1199 1873 1284 1914 alia
1303 1873 1482 1914 fluuium
1500 1885 1536 1910 8⁰

136 1936 389 1976 transierint
410 1935 610 1987 aduenae,
641 1934 760 1975 nulla
780 1947 1023 1974 sermonum
1044 1933 1136 1973 uice
1161 1932 1482 1986 propositarum

136 2008 278 2034 rerum
310 1994 451 2047 pretia
483 1994 583 2035 solis
617 1993 749 2034 oculis
783 1992 1077 2044 aestimantur,
1109 1993 1152 2032 et
1177 1990 1239 2031 ita
1271 1992 1370 2031 sunt
1390 1990 1482 2031 abs-

230 2141 244 2170 1
263 2136 495 2186 Oporocorra
507 2136 639 2179 scripsi
653 2136 745 2177 (coll.
754 2135 851 2170 Ptol
857 2137 866 2177 )
881 2134 910 2168 O
941 2144 1116 2168 urocarra
1128 2132 1231 2167 codd.
1289 2136 1308 2166 3
1323 2131 1483 2166 Oechar-

139 2182 203 2215 des
222 2181 254 2215 G
273 2184 312 2214 ct
325 2180 461 2214 chartis
479 2180 599 2214 VPb«.
654 2184 674 2214 8
700 2192 719 2214 0
739 2181 770 2213 (Ῑ
788 2190 853 2214 om.
871 2189 910 2214 co
941 2179 973 2213 d
1022 2176 1329 2221 Anthropophagi
1352 2176 1485 2254 scripsi

139 2227 201 2268 (cs.
218 2225 375 2260 Coniect.
393 2237 497 2261 amm.
516 2237 554 2268 Ρ
578 2227 624 2259 32
629 2228 641 2268 )
665 2224 864 2268 Alitrofagi
889 2223 992 2258 codd.
1022 2221 1159 2256 Annibi
1184 2220 1484 2299 uulyo(c.1>t01}.3

139 2270 281 2305 Anibus
310 2269 342 2303 V
434 2275 473 2303 12
499 2269 713 2314 Athagurae
738 2269 869 2312 scripsi
894 2268 985 2312 (coll.
1010 2267 1122 2309 Ptol)
1147 2265 1262 2310 atbag
1263 2275 1348 2300 orae
1379 2264 1444 2299 VA

143 2320 182 2350 13
218 2314 439 2359 aspacharat
476 2282 624 2348 beataeg
644 2313 677 2347 V
787 2318 826 2347 16
863 2313 1051 2362 Aspacara
1085 2311 1215 2354 scripsi
1237 2277 1336 2354 (coll.
1368 2309 1483 2347 Ptol.)

141 2362 313 2404 1511010111
343 2359 448 2394 codd.
549 2359 627 2392 sera
663 2358 729 2392 VP
799 2362 841 2393 28
867 2356 1065 2402 pacatioris
1089 2355 1192 2399 Pbya
1216 2354 1424 2399 pactaiores
1451 2352 1487 2388 V
