1573 2508
1335 7 1338 11 .
1387 11 1398 27 ,,
1478 0 1561 57 >tes

176 66 255 108 158
693 63 816 99 xvm
841 69 873 107 e,
897 67 1009 100 6—16

171 162 368 204 uenimus
401 160 595 202 Hebrum
627 173 678 201 ex
699 158 962 214 Odrysarum
993 160 1210 202 montibus
1230 159 1524 204 decurrentem

171 220 317 275 ibique
349 218 555 273 principis
590 217 751 272 scripta
781 218 1044 272 suscepimus
1075 218 1269 261 iubentia
1294 220 1410 262 omni
1430 234 1524 262 cau-

174 279 340 321 satione
378 276 632 331 posthabita
669 276 829 318 reuerti
867 275 1229 331 Mesopotamiam
1266 278 1357 320 sine
1397 293 1525 334 appa-

170 338 327 379 ritione
378 335 467 377 ulla
511 335 825 389 expeditionem
878 336 1067 378 curaturi
1115 337 1424 392 periculosam,
1472 337 1526 380 ad

173 396 306 437 alium
340 394 456 436 omni
487 396 704 449 potestate
736 394 961 436 translata.
1011 395 1049 436 6.
1070 395 1183 449 quod
1214 395 1308 437 ideo
1340 411 1417 451 per
1435 408 1560 439 mo-5

173 454 307 496 lestos
358 453 616 495 formatores
661 453 831 507 imperii
876 453 1122 495 struebatur
1171 456 1237 508 ut,
1287 454 1323 495 si
1366 454 1523 497 Persae

171 513 335 554 frustra
366 511 506 553 habiti
538 512 751 553 redissent
783 512 835 553 ad
868 527 962 565 sua,
993 512 1110 554 ducis
1142 513 1242 554 noui
1275 513 1427 555 uirtuti
1464 513 1525 556 fa—

174 572 293 613 cinus
334 571 632 624 adsignaretur
677 571 915 626 egregium3
962 571 999 612 si
1036 571 1210 613 fortuna
1253 572 1424 627 sequior
1462 572 1524 614 in·

174 631 374 685 gruisset,
407 629 631 671 Vrsicinus
664 644 759 671 reus
791 630 986 684 proditor
1016 630 1078 671 rei
1115 630 1312 684 publicae
1343 630 1524 673 deferre-

172 692 254 731 tur.
318 690 355 730 7.
388 688 543 742 agitati
575 688 638 729 ita
671 689 761 729 sine
795 689 1046 743 rationibus,
1076 689 1146 730 diu
1168 689 1355 731 cunctati
1386 704 1523 732 reuer-
1543 699 1558 724 1

172 748 292 802 sique
325 747 490 788 fastidii
522 747 696 801 plenum
719 746 1000 788 Sabinianum
1032 748 1271 789 inuenimus
1303 747 1523 790 hominem

171 806 395 848 mediocris
429 808 620 847 staturae
654 808 697 847 et
727 806 850 860 parui
878 806 1133 861 angustique
1166 806 1298 848 animi
1328 807 1400 848 uix
1433 807 1523 848 sine

171 865 287 919 turpi
337 867 454 906 metu
505 865 789 906 sufficientem
841 865 891 906 ad
942 865 1081 906 leuem
1131 864 1318 907 conuiuii
1366 865 1523 907 nedum

171 924 328 978 proelii
361 923 590 978 strepitum
622 923 933 978 perferendum.

291 983 328 1025 8.
362 982 524 1023 Tamen
549 983 750 1037 quoniam
784 983 1075 1037 speculatores
1109 985 1341 1036 apparatus
1375 997 1522 1024 omnes
1543 993 1557 1018 1

172 1041 283 1095 apud
322 1040 472 1082 hostes
511 1041 676 1082 feruere
711 1042 926 1082 constanti
965 1041 1285 1082 adseueratione
1329 1041 1523 1096 perfugis

171 1100 495 1141 concinentibus
517 1100 814 1153 adfirmabant,
835 1100 1046 1141 oscitante
1072 1100 1329 1141 homunculo
1349 1099 1525 1142 Nisibin

169 1173 353 1213 propere
386 1159 580 1200 uenimus
600 1159 727 1200 utilia
758 1160 962 1213 paraturi,
993 1173 1045 1200 ne
1066 1158 1385 1200 dissimulantes
1411 1159 1523 1201 obsi-

170 1217 287 1259 dium
320 1217 477 1259 Persae
510 1217 678 1259 ciuitati
710 1218 1038 1272 superuenirent
1068 1218 1275 1259 incautae.
1337 1217 1375 1258 9.
1406 1217 1522 1259 dum-

171 1291 252 1330 que
284 1277 400 1318 intra
431 1291 576 1318 muros
610 1277 866 1318 maturanda
897 1278 1241 1331 perurgerentur,
1273 1276 1414 1318 fumus
1446 1276 1522 1318 mi-

171 1337 402 1389 cantesque
434 1335 556 1390 ignes
590 1336 763 1377 adsidue
799 1350 825 1377 a
858 1335 1033 1390 Tigride
1065 1349 1140 1389 per
1173 1333 1326 1377 Castra
1356 1334 1521 1377 Mauro-

170 1408 266 1435 rum
299 1397 342 1435 et
374 1393 521 1435 Sisara
560 1397 603 1435 et
635 1394 874 1435 conlimitia
911 1394 1078 1449 reliqua
1114 1394 1167 1435 ad
1203 1408 1336 1448 usque
1376 1394 1522 1435 ciuita-

169 1455 257 1494 tem
302 1453 492 1494 continui
537 1453 815 1507 perlucebant
859 1453 988 1495 solito
1032 1453 1287 1507 crebriores,
1332 1453 1521 1507 erupisse

171 1511 361 1553 hostium
400 1512 660 1553 uastatorias
695 1527 845 1553 manus
885 1514 1084 1566 superato
1123 1511 1296 1552 flumine
1328 1525 1522 1565 permon-

171 1573 368 1612 strantes.
423 1570 488 1612 10.
522 1586 605 1625 qua
625 1585 753 1612 causa
784 1585 836 1611 ne
857 1572 1163 1624 occuparentur
1193 1570 1360 1624 itinera,
1392 1569 1521 1612 celeri
1539 1579 1555 1604 2

170 1643 294 1670 cursu
333 1629 575 1683 praegressi
617 1643 710 1670 cum
750 1629 801 1670 ad
841 1629 1069 1670 secundum
1113 1629 1299 1682 lapidem
1337 1629 1523 1671 uenisse-

170 1702 282 1741 mus,
321 1688 490 1728 liberali
529 1688 667 1728 forma
705 1703 882 1741 puerum
920 1690 1186 1742 torquatum,
1229 1690 1277 1729 ut
1314 1688 1522 1729 coniecta-

170 1745 320 1788 bamus
342 1748 578 1800 octennem,
611 1747 655 1787 in
676 1747 846 1800 aggeris
869 1747 1008 1788 medio
1029 1746 1212 1788 uidimus
1245 1745 1521 1800 heiulantem,

169 1805 346 1859 ingenui
380 1805 596 1846 cuiusdam
629 1805 783 1858 filium,
823 1808 869 1846 ut
901 1805 1060 1858 aiebat3
1093 1819 1218 1859 quem
1251 1807 1389 1846 mater
1421 1805 1521 1847 dum

169 1863 471 1904 inminentium
503 1864 693 1905 hostium
714 1867 876 1905 terrore
897 1864 1059 1918 percita
1077 1864 1258 1918 fugeret,
1288 1863 1520 1917 inpeditior

169 1922 422 1976 trepidando
474 1923 709 1976 reliquerat
759 1923 911 1964 solum.
991 1922 1102 1963 huuc
1151 1922 1250 1963 dum
1306 1922 1520 1976 imperatu

170 1981 286 2021 «lueis
327 1981 521 2022 miserati
561 1982 847 2035 commotique
893 1981 1126 2035 inpositum
1166 1994 1272 2035 equo
1311 1995 1414 2035 prae
1451 1995 1519 2022 me

169 2040 308 2079 ferens
354 2040 406 2080 ad
452 2040 671 2081 ciuitatem
697 2040 889 2094 ‘reduco‚
934 2040 1257 2081 circumuallato
1299 2053 1517 2081 murorum

169 2098 333 2139 ambitu
367 2098 641 2152 praedatores
674 2099 804 2140 latius
837 2099 1118 2153 uagabantur.
1173 2099 1237 2139 11.
1269 2100 1312 2139 et
1332 2098 1432 2153 quia
1451 2112 1518 2139 me

261 2215 280 2244 2
307 2213 520 2246 causatione
549 2212 581 2246 G
607 2213 779 2248 cautione
810 2213 921 2247 Vl’ba
983 2218 1003 2247 3
1028 2212 1262 2256 apparitione
1287 2211 1365 2246 ulla
1386 2212 1519 2255 scripsi

169 2267 191 2290 a
219 2256 442 2299 paritionem
469 2257 545 2293 ulla
578 2257 608 2290 V
697 2263 732 2291 14
759 2258 956 2302 strepitum
1008 2257 1123 2291 roelio
1156 2257 1241 2291 VPb
1321 2260 1359 2290 21
1388 2257 1422 2301 a]
1449 2266 1517 2293 om.

170 2302 361 2380 mg’tieVss
454 2306 496 2335 23
530 2302 792 2346 perlucebatat
821 2303 886 2347 δρα
917 2313 984 2347 per
1001 2302 1152 2336 ocibant
1188 2301 1254 2335 VP
1345 2304 1386 2335 32
1418 2311 1515 2336 com-
