1573 2508
1334 28 1335 31 ¹
1377 15 1416 21 ,»
1451 12 1456 18 Α
1501 0 1522 18 .,
1571 0 1573 30 1

158 73 240 116 170
644 70 786 106 xv1111
812 75 841 113 1,
865 75 965 113 4-2,
992 76 1012 106 3
1529 0 1573 103 Ἰ

155 169 476 221 temptaturum,
509 165 713 206 aliorsum
746 164 954 206 Antonini
993 166 1172 207 consilio
1210 166 1500 208 festinantem.

154 226 195 267 4.
226 239 372 266 uerum
406 223 587 265 caeleste
619 237 776 265 numen
795 225 842 264 ut
861 222 1080 266 Romanae
1099 228 1159 265 rei
1185 224 1318 277 totius
1339 239 1500 266 aerum-

155 299 231 326 nas
265 283 379 324 intra
414 286 535 323 unius
567 282 756 336 regionis
789 281 1061 323 concluderet
1092 283 1314 336 ambitum,
1351 283 1502 338 adege-

155 346 224 384 rat
256 342 299 382 in
332 341 586 382 immensum
619 356 662 382 se
696 340 974 381 extollentem
1012 341 1349 397 credentemque,
1388 341 1499 397 quod

155 402 247 442 uiso
287 400 436 441 statim
474 400 638 441 obsessi
677 412 822 440 omnes
861 402 977 440 metu
1016 400 1247 442 exanimati
1285 400 1535 455 supplices-⁵

157 460 351 501 uenirent
389 459 433 500 111
470 473 628 513 preces.
696 458 735 499 5.
771 459 910 512 portis
949 458 1229 513 obequitabat
1266 459 1499 501 comitante

156 517 331 559 cohorte
364 518 513 571 regali,
551 521 621 572 qui
654 517 753 558 dum
786 531 830 557 se
861 531 994 571 prope
1027 517 1304 560 confidentius
1337 517 1501 569 inserit,

155 580 203 618 ut
241 577 371 618 etiam
409 577 554 618 uultus
593 580 680 617 eius
719 575 857 629 possit
894 579 1039 630 aperte
1078 577 1288 630 cognosci,
1325 575 1499 631 sagittis

155 635 476 690 missilibusque
515 634 666 676 ceteris
705 635 758 676 ob
798 634 950 676 decora
988 635 1148 688 petitus
1186 635 1374 689 insignia
1412 648 1500 676 cor-

154 695 331 747 ruisset,
370 695 413 735 ni
452 694 627 748 puluere
666 693 945 735 iaculantium
979 693 1192 735 adimente
1225 696 1499 748 conspectum
1520 705 1552 730 ιο

155 755 276 806 parte
308 753 547 794 indumenti
579 752 778 806 tragulae
809 752 897 793 ictu
917 751 1096 794 discissa
1127 753 1318 794 editurus
1349 755 1500 807 postea

156 814 324 866 strages
362 811 605 853 innumeras
639 812 857 852 euasisset.
919 811 956 851 6.
994 810 1093 852 hinc
1132 812 1254 866 quasi
1291 812 1336 852 111
1374 810 1501 852 sacri·

155 871 275 924 legos
309 871 459 911 uiolati
492 870 684 911 saeuiens
716 870 868 924 templi
893 872 1234 925 temeratumque
1266 872 1333 911 tot
1352 883 1501 924 regum

156 933 199 971 et
230 933 421 981 gentium
453 929 673 970 dominum
703 930 952 982 praedicans
986 929 1194 970 eruendae
1226 929 1345 970 urbis
1375 943 1502 983 appa-

154 991 251 1030 ratu
290 988 450 1029 nisibus
489 988 656 1042 magnis
690 988 892 1040 instabat,
931 990 973 1028 ot
1005 988 1227 1029 orantibus
1269 990 1500 1041 potissimis
1522 1000 1554 1025 15

156 1047 351 1100 ducibus,
388 1062 440 1087 110
479 1048 678 1100 profusus
716 1050 757 1086 in
796 1047 903 1088 iram
937 1062 961 1087 a
1004 1046 1205 1100 gloriosis
1251 1047 1501 1088 descisceret

156 1106 331 1160 coeptis,
376 1106 462 1146 leni
506 1108 763 1146 summatum
808 1105 1016 1159 petitione.
1054 1105 1248 1158 placatus
1292 1105 1501 1159 postridie

157 1178 322 1219 quoque
355 1179 481 1218 super
513 1164 726 1205 deditione
768 1163 932 1205 moneri
971 1164 1216 1205 decreuerat
1248 1164 1500 1206 defensores.

277 1224 313 1264 7.
345 1222 530 1277 Ideoque
555 1238 649 1264 cum
681 1226 819 1276 prima
851 1223 923 1263 lux
956 1223 1209 1277 aduenisset,
1240 1237 1314 1263 rex
1335 1221 1502 1264 Chioni-

156 1286 296 1323 tarum
316 1281 575 1323 Grumbates
609 1282 788 1322 fidenter
820 1295 939 1323 suam
959 1295 1133 1335 operam
1159 1284 1392 1323 nauaturus
1412 1283 1501 1322 ten·
1521 1293 1554 1319 20

156 1341 285 1382 debat
317 1340 367 1382 ad
401 1341 569 1381 moenia
601 1355 695 1381 cum
722 1355 850 1382 manu
882 1343 1201 1394 promptissima
1233 1340 1503 1394 stipatorum,

157 1414 281 1454 (1110111
314 1399 386 1440 ubi
406 1402 644 1440 uenientem
678 1399 762 1440 iam
795 1399 881 1440 telo
915 1398 1024 1440 forte
1045 1402 1292 1453 contiguum
1318 1401 1503 1440 contem-

155 1459 297 1512 plator
316 1458 603 1512 peritissimus
631 1458 899 1510 aduertisset,
932 1460 1131 1499 contorta
1162 1457 1336 1499 ballista
1367 1457 1502 1498 filium

156 1521 244 1558 eius
277 1520 437 1570 primae
469 1517 592 1570 pubis
614 1516 929 1558 adulescentem
962 1516 1086 1557 lateri
1117 1519 1294 1569 paterno
1327 1515 1502 1557 haeren-

154 1579 242 1616 tem
263 1575 438 1616 thorace
458 1590 554 1616 cum
585 1578 758 1629 pectore
789 1576 1007 1629 perforato
1038 1575 1223 1628 perfodit
1248 1576 1502 1628 proceritate
1522 1585 1556 1612 25

156 1637 199 1675 et
236 1634 386 1675 decore
426 1638 615 1688 corporis
655 1634 902 1687 aequalibus
942 1636 1240 1675 antestantem.
1309 1633 1347 1675 8.
1385 1636 1502 1674 cuius

156 1707 308 1734 occasu
340 1696 382 1733 iu
415 1694 560 1745 fugam
582 1692 734 1745 dilapsi
767 1693 997 1746 populares
1018 1692 1107 1733 cius
1129 1707 1275 1734 omnes
1308 1705 1502 1746 moxque,

155 1766 207 1792 ne
228 1754 463 1804 raperetur,
490 1751 655 1792 ratione
675 1754 786 1792 iusta
806 1755 990 1805 regressi
1010 1765 1258 1792 numerosas
1280 1753 1429 1804 gentes
1450 1750 1501 1790 ad

157 1824 275 1851 arma
318 1810 576 1851 clamoribus
621 1810 801 1850 dissonis
847 1810 1132 1862 concitarunt,
1183 1823 1361 1863 quarum
1406 1822 1502 1850 con-

157 1883 281 1910 cursu
301 1871 385 1910 ritu
418 1869 636 1922 grandinis
664 1868 759 1909 hinc
791 1869 885 1910 iude
907 1868 1232 1910 conuolantibus
1253 1867 1352 1909 telis
1379 1869 1501 1908 atrox
1521 1879 1555 1904 ³⁰

157 1928 440 1968 committitur
472 1940 627 1981 pugna.
690 1929 728 1970 9.
761 1931 802 1968 et
840 1930 938 1981 post
970 1927 1231 1968 interneciua
1268 1925 1502 1968 certamina

157 1986 207 2026 ad
244 2001 374 2040 usque
401 1987 527 2026 finem
548 1986 627 2027 diei
659 1989 861 2039 protenta
886 2000 980 2027 cum
1012 1989 1096 2026 iam
1128 1987 1264 2026 noctis
1285 1986 1399 2026 esset
1429 1988 1502 2025 ini-

156 2046 275 2097 tium,
316 2059 392 2098 per
424 2059 600 2086 aceruos
635 2059 854 2086 caesorum
882 2048 924 2086 et
965 2047 1246 2098 scaturigines
1279 2043 1500 2097 sanguinis

249 2174 262 2202 1
291 2173 377 2204 ante
413 2171 579 2204 antonini
617 2171 685 2205 del.
722 2171 906 2215 dignitate
942 2171 984 2204 in
1026 2170 1058 2203 V
1147 2175 1167 2204 3
1192 2170 1290 2204 intra
1318 2168 1410 2203 V¹G
1432 2178 1501 2203 om.

162 2213 288 2248 ruma
370 2219 390 2249 9
422 2216 646 2259 corgruisset
683 2215 723 2249 V¹
757 2226 824 2250 con
855 2215 987 2249 ruisset
1022 2215 1058 2249 P
1137 2218 1181 2249 ‘20
1206 2213 1430 2248 Grumbates
1467 2213 1500 2247 G

186 2259 371 2293 ranibates
402 2259 468 2293 VIJ
560 2271 663 2294 suam
688 2260 829 2305 Eyssen
844 2272 865 2294 1.
898 2271 944 2294 an
982 2259 1069 2294 VPr
1092 2268 1158 2295 om.
1189 2259 1231 2304 by
1322 2261 1363 2292 21
1389 2267 1500 2292 manu

158 2303 374 2383 derqmlassig
404 2304 491 2338 VPb
515 2304 764 2339 Romanorum
790 2316 902 2339 manu
927 2305 961 2339 A
1055 2308 1098 2339 25
1130 2302 1294 2348 perfodit
1325 2303 1359 2338 G
1394 2312 1500 2347 prae-

173 2359 196 2381 u
226 2359 237 2381 1
