1614 2549
595 74 830 112 IVLIANVS
855 81 920 113 362
1341 85 1426 129 289

74 162 214 218 batur,
247 166 290 206 et
320 165 557 220 imperator
588 168 866 226 ‘prosequere'
900 173 960 215 ait
991 172 1169 231 ‘mulien
1208 177 1349 233 siquid
1381 183 1423 222 te

74 221 237 263 laesam
269 223 510 266 existimas:
542 226 611 269 hic
644 229 758 271 enim
791 231 851 272 sic
883 231 1047 275 cinctus
1080 237 1146 276 est
1178 238 1226 277 ut
1257 238 1424 292 expedi-

72 280 158 321 tius
189 296 267 335 per
303 282 444 325 lutum
481 285 667 328 incedat:
708 304 861 342 parum
898 306 1050 334 nocere
1095 294 1181 335 tuis
1224 297 1422 349 partibus

69 340 237 393 potest'.

34 412 52 438 5
190 399 228 440 6.
259 399 319 441 Et
351 402 664 446 aestimabatur
699 421 775 460 per
813 407 918 449 haec
951 412 993 451 et
1032 410 1204 467 similia,
1243 416 1290 455 ut
1328 415 1420 469 ipse

69 455 239 499 dicebat
284 459 470 516 adsidue,
514 466 638 505 uetus
682 465 761 506 illa
803 465 995 523 Iustitia,
1041 484 1170 524 quam
1214 473 1419 516 offensam

67 515 188 557 uitiis
220 516 443 560 hominum
475 519 639 564 Aratus
673 525 843 566 extollit
882 526 925 567 in
964 528 1142 583 caelum,
1180 530 1418 586 imperante

69 587 118 615 eo
150 589 323 618 reuersa
355 578 407 619 ad
438 582 588 636 terras,
619 582 664 623 ni
697 584 906 637 quaedam
938 600 1013 627 suo
1046 591 1205 643 ageret,
1243 605 1330 632 non
1361 592 1418 633 le-

68 645 170 686 gum
209 635 403 691 arbitrio,
442 653 673 696 erransque
714 642 975 697 aliquotiens
1014 646 1290 691 obnubilaret
1327 651 1418 705 glo-

23 707 47 732 ,ο
65 691 229 734 riarum
260 696 523 751 multiplices
557 713 716 742 cursus.
780 703 816 743 7.
836 706 936 757 post
968 705 1105 747 multa
1138 707 1252 749 enim
1285 709 1417 751 etiam

65 750 160 792 iura
192 754 400 807 quaedam
439 759 625 800 correxit
662 759 708 800 in
739 761 907 816 melius,
945 764 1200 819 ambagibus
1240 768 1416 810 circum-

65 809 178 865 cisis,
216 812 454 857 indicantia
491 816 654 871 liquide
693 819 795 873 quid
832 820 1030 864 iuberent
1066 823 1159 865 fieri
1191 826 1260 867 uel
1299 831 1415 869 ueta-

63 871 171 910 rent.
232 871 342 913 illud
374 877 516 916 autem
538 879 631 918 erat
662 877 909 934 inclemens,
941 881 1205 924 obruendum
1235 887 1414 939 perenni

63 927 248 984 silentio,
287 933 399 985 quod
431 935 606 976 arcebat
638 936 788 979 docere
826 940 1059 993 magistros
1096 941 1337 986 rhetoricos
1370 949 1413 987 et

20 1001 43 1027 ‚5
63 990 369 1040 grammaticos
402 992 512 1034 ritus
545 994 772 1037 christiani
804 997 1002 1040 cultores.

182 1045 256 1089 ll.
305 1050 341 1090 1.
384 1050 528 1093 Isdem
573 1053 722 1096 diebus
766 1056 961 1098 notarius
1013 1059 1088 1100 ille
1133 1059 1413 1118 Gaudentius,

60 1117 186 1158 quem
231 1110 531 1161 opponendum
574 1127 651 1165 per
681 1112 878 1156 Africam
916 1117 1096 1159 missum
1140 1134 1269 1174 supra
1307 1121 1413 1163 dixi-

58 1177 154 1205 mus
187 1180 212 1206 a
244 1164 514 1224 Constantio,
546 1170 739 1213 Iulianus
774 1175 876 1228 quin
908 1176 1040 1217 etiam
1074 1192 1123 1218 ex
1152 1179 1314 1221 uicario
1347 1195 1413 1222 ea-

57 1223 237 1266 rundem
280 1228 473 1279 partium
510 1229 669 1272 nimius
709 1231 853 1274 fautor
891 1236 1070 1277 retracti
1103 1237 1180 1278 sub
1213 1238 1411 1294 uinculis,

21 1297 38 1322 o
57 1285 197 1324 morte
229 1285 396 1338 periere
428 1289 613 1341 poenali.
674 1290 713 1331 2.
745 1294 846 1333 tunc
886 1296 928 1334 et
958 1294 1182 1337 Artemius
1222 1311 1273 1338 ex
1306 1298 1409 1340 duce

55 1339 252 1396 Aegypti
289 1343 593 1389 Alexandrinis
633 1351 888 1403 lugentibus
930 1354 1142 1395 atrocium
1180 1355 1408 1399 criminum

55 1400 170 1442 mole
204 1403 415 1457 supplicio
449 1407 626 1460 capitali
657 1409 866 1451 multatus
889 1414 965 1452 est.
1016 1415 1116 1466 post
1149 1429 1275 1468 quem
1295 1415 1408 1458 Mar-

55 1458 154 1500 celli
194 1475 245 1501 ex
281 1463 492 1517 magistro
536 1467 726 1520 equitum
762 1472 804 1510 et
840 1470 1035 1523 peditum
1073 1472 1187 1514 filius
1218 1477 1267 1515 ut
1304 1475 1408 1517 inie-

56 1520 176 1560 ctans
208 1519 390 1575 imperio
423 1538 576 1565 manus
608 1526 782 1579 publica
814 1528 980 1570 deletus
1014 1533 1079 1572 est
1111 1535 1262 1574 morte.
1323 1533 1408 1576 Ro-

15 1591 38 1617 =5
58 1591 210 1619 manus
244 1580 348 1634 quin
380 1582 512 1623 etiam
546 1587 587 1624 et
615 1584 882 1642 Vincentius,
916 1587 1213 1632 Scutariorum
1234 1591 1407 1635 scholae

51 1636 216 1689 primae
250 1640 543 1695 secundaeque
564 1643 741 1699 tribuni,
775 1646 964 1700 agitasse
989 1649 1175 1691 conuicti
1196 1652 1406 1705 quaedam

52 1695 141 1736 suis
173 1696 339 1739 uiribus
373 1699 542 1755 altiora,
575 1703 660 1743 acti
694 1708 793 1745 sunt
824 1705 870 1746 in
902 1706 1090 1749 exilium.

169 1755 208 1796 3.
241 1755 432 1812 Cumque
473 1762 644 1815 tempus
689 1762 1000 1807 interstetisset
1042 1767 1261 1823 exiguum,
1305 1769 1405 1811 Ale-

50 1813 250 1856 xandrini
288 1815 476 1859 Artemii
509 1823 712 1873 conperto
744 1822 936 1878 interitu,
975 1839 1101 1879 quem
1132 1828 1404 1883 uerebantur,

15 1885 104 1912 one
137 1887 232 1915 cum
263 1878 483 1928 potestate
515 1893 712 1921 reuersus
734 1905 788 1910 —
810 1881 853 1923 id
886 1883 999 1923 enim
1030 1884 1219 1927 minatus
1253 1890 1318 1928 est
1347 1911 1402 1917 —

50 1932 211 1974 multos
243 1933 433 1977 laederet
465 1939 514 1978 ut
547 1937 745 1990 offensus,
778 1940 890 1982 iram
922 1942 967 1982 in
999 1942 1233 1998 Georgium
1265 1949 1403 1988 uerte-

49 1994 150 2032 runt
182 1992 443 2049 episcopum,
476 1996 673 2052 uipereis,
705 2001 753 2039 ut
785 1999 847 2040 ita
880 2000 1072 2056 dixerim,
1103 2004 1319 2046 morsibus
1347 2006 1400 2047 ab

50 2063 100 2090 eo
133 2052 302 2105 saepius
337 2053 530 2108 adpetiti.
579 2056 618 2096 4.
639 2056 685 2097 in
716 2057 900 2100 fullonio
919 2062 1058 2115 natus,
1091 2064 1138 2103 ut
1169 2062 1402 2119 ferebatur,

49 2109 161 2163 apud
179 2109 470 2165 Epiphaniam
492 2111 667 2156 Ciliciae
689 2117 904 2172 oppidum,
925 2122 1158 2174 auctusque
1178 2121 1224 2163 in
1244 2122 1409 2165 damna.

138 2270 152 2299 1
181 2267 218 2300 te
243 2267 385 2302 laesam
406 2269 439 2304 G
462 2270 578 2304 telam
597 2271 664 2307 VP
711 2277 730 2308 3
748 2273 869 2308 lutum
887 2275 932 2320 by
955 2275 1072 2311 latum
1095 2277 1199 2313 VAP
1248 2283 1288 2313 12
1312 2279 1397 2322 fort.

46 2320 113 2344 scr.
140 2311 308 2346 indicans
331 2313 408 2348 iam
466 2319 507 2349 13
533 2317 614 2351 erat
635 2328 702 2353 om.
728 2318 770 2363 by
818 2323 859 2354 16
886 2320 1118 2357 Gaudentius
1141 2323 1205 2358 ille
1231 2324 1397 2358 notarius

44 2357 185 2399 transp.
211 2357 279 2402 bya
370 2363 412 2394 33
439 2361 599 2404 appetiti
627 2362 696 2397 GA
727 2363 916 2408 adpetitus
946 2365 1035 2402 VPb
1124 2367 1232 2403 fullio
1262 2368 1399 2414 Vqua

118 2419 294 2447 AmmAst
314 2422 558 2451 MARcELLmvs.
1138 2429 1179 2460 19
