1573 2508
534 0 586 8 —v—
711 0 745 6 —--

155 118 234 160 140
653 124 759 160 XVII
785 130 837 170 13,
865 131 996 165 11-20

149 211 252 253 hors
291 214 508 267 praetoria
546 230 595 257 ex
636 218 815 262 aduerso
847 221 1095 277 Augustum
1128 227 1296 269 cautius
1329 229 1497 284 stipans

148 271 444 313 resistentium
476 278 654 327 pectora
683 291 867 333 moxque
900 284 1025 336 terga
1055 284 1314 339 fugientium
1341 287 1496 331 incide-

147 328 223 370 bat
263 333 305 371 et
344 331 542 373 cadentes
581 333 865 389 insuperabili
902 343 1174 385 contumacia
1203 344 1378 388 barbari
1408 361 1497 390 non

147 389 236 427 tam
276 393 460 430 mortem
499 390 641 433 dolere
680 408 808 448 quam
852 402 1098 442 nostrorum
1142 401 1356 446 laetitiam
1399 405 1496 448 hor·
1552 411 1557 441 ἲ

146 445 275 487 rendo
308 447 491 491 stridore
529 453 847 509 monstrabant,
887 460 930 498 et
966 458 1154 501 iacentes
1193 461 1353 516 absque
1385 476 1532 507 mor-5

145 503 232 544 tuis
271 505 445 558 plurimi
486 509 661 551 succisis
699 513 939 566 poplitibus
977 517 1155 572 ideoque
1195 520 1394 576 adempto
1432 522 1496 565 fu·

145 562 290 615 giendi
335 565 544 620 subsidio,
596 569 671 610 alii
716 571 903 614 dexteris
947 577 1200 632 amputatis,
1249 593 1335 621 non
1383 580 1496 623 nulli

143 620 258 662 ferro
291 623 462 676 quidem
495 625 647 668 intacti
681 629 754 670 sed
786 635 1132 685 superruentium
1153 637 1306 678 conlisi
1338 639 1494 692 ponde·
1552 675 1554 677 .

142 679 262 720 ribus
313 682 527 724 cruciatus
578 685 668 726 alto
719 688 892 731 silentio
943 694 1228 746 perferebant.
1299 698 1362 738 11.
1413 713 1492 740 nec
1553 735 1555 739 Α

143 751 291 779 eorum
325 740 552 794 quisquam
585 743 698 786 inter
729 746 899 790 diuersa
938 753 1149 805 supplicia
1179 755 1349 797 ueniam
1380 757 1491 810 petit
1512 773 1546 799 ιο

141 799 216 836 aut
247 797 407 839 ferrum
441 800 622 853 proiecit
654 807 728 845 aut
749 808 944 849 exorauit
977 810 1157 853 celerem
1189 816 1385 868 mortem,
1417 815 1491 857 sed

141 868 262 896 arma
299 856 458 909 iugiter
495 860 730 903 retinentes
776 863 879 906 licet
917 867 1079 910 adflicti
1117 870 1258 911 minus
1298 873 1490 914 criminis

140 913 429 956 aestimabant
467 917 619 958 alienis
658 920 825 962 uiribus
863 925 1006 977 potius
1041 941 1168 980 quam
1202 931 1489 973 conscientiae

139 985 239 1011 suae
272 973 429 1014 iudicio
450 975 583 1016 uinci:
610 982 936 1035 mussantesque
957 984 1241 1028 audiebantur
1260 988 1489 1045 interdum,

136 1028 335 1071 fortunae
367 1046 451 1072 non
490 1035 633 1075 meriti
671 1036 803 1079 fuisse
836 1041 946 1093 quod
981 1044 1134 1085 euenit.
1197 1045 1258 1087 ita
1290 1048 1334 1088 in
1366 1049 1488 1090 semi·
1507 1064 1542 1091 15

135 1086 268 1128 horae
301 1090 512 1132 curriculo
545 1092 790 1136 discrimine
823 1099 1087 1151 proeliorum
1109 1117 1280 1146 emenso
1301 1109 1368 1147 tot
1393 1122 1487 1161 pro-

135 1145 318 1187 cubuere
351 1148 494 1190 subito
527 1150 701 1194 barbari
733 1158 781 1196 ut
812 1170 1003 1210 pugnam
1035 1160 1168 1202 fuisse
1189 1163 1282 1204 sola
1304 1165 1487 1208 uictoria

138 1203 389 1247 declararet.

256 1264 320 1304 12.
365 1263 449 1306 Vix
483 1267 583 1309 dum
613 1271 786 1323 populis
820 1272 1053 1317 hostilibus
1087 1279 1236 1320 stratis
1269 1282 1484 1335 gregatim

134 1326 455 1376 peremptorum
487 1329 824 1371 necessitudines
855 1332 1120 1376 ducebantur
1151 1336 1389 1381 humilibus
1416 1355 1483 1382 ex·
1502 1357 1538 1383 20

132 1382 296 1422 tractae
336 1384 524 1435 tuguriis
564 1388 719 1428 aetatis
760 1404 969 1445 sexusque
1008 1395 1240 1446 promiscui
1285 1400 1327 1439 et
1367 1399 1483 1441 fastu

132 1438 248 1479 uitae
286 1440 443 1493 prioris
477 1443 641 1485 abolito
675 1447 726 1487 ad
765 1448 1038 1492 infimitatem
1076 1453 1380 1509 obsequiorum
1413 1473 1482 1499 ue-

130 1510 231 1537 nere
264 1499 501 1554 seruilium,
535 1506 578 1543 et
610 1504 765 1558 exiguo
798 1510 1006 1562 temporis
1047 1511 1276 1555 interuallo
1304 1515 1481 1558 decurso

130 1568 352 1597 caesorum
386 1571 566 1612 aggeres
600 1565 642 1603 et
674 1565 944 1617 captiuorum
978 1570 1153 1621 agmina
1185 1573 1480 1616 cernebantur.

132 1613 197 1653 13.
230 1614 438 1657 incitante
472 1618 617 1673 itaque
649 1621 818 1664 feruore..
839 1627 1122 1670 certaminum
1142 1630 1369 1686 fructuque
1390 1633 1480 1674 uin-
1499 1650 1534 1676 2⁵

128 1671 249 1712 cendi
289 1681 608 1719 consurrectum
646 1683 712 1720 est
744 1681 787 1722 in
824 1684 1057 1736 perniciem
1096 1701 1262 1743 eorum,
1301 1692 1373 1744 qui
1412 1691 1479 1733 de-

127 1743 296 1771 seruere
329 1734 509 1787 proelia,
548 1737 616 1777 uel
654 1738 698 1778 in
730 1742 916 1793 tuguriis
950 1743 1172 1787 latitantes
1206 1749 1478 1791 occultaban-

125 1790 209 1829 tur.
270 1789 360 1843 hos,
393 1807 487 1833 cum
522 1795 573 1835 ad
609 1795 702 1837 loca
734 1799 923 1841 uenisset
955 1803 1106 1844 auidus
1138 1805 1352 1848 barbarici
1384 1823 1477 1850 san-

125 1846 270 1898 guinis
303 1850 442 1902 miles,
475 1852 665 1895 disiectis
698 1857 852 1897 culmis
886 1859 1053 1901 leuibus
1086 1862 1375 1907 obtruncabat
1399 1881 1476 1908 nec

125 1918 383 1960 quemquam
435 1924 533 1951 casa
583 1913 651 1953 uel
709 1916 904 1957 trabibus
956 1924 1163 1973 conpacta
1213 1923 1472 1967 firmissimis
1492 1942 1528 1967 ⁸0

122 1964 313 2015 periculo
346 1969 499 2009 mortis
533 1972 730 2013 extraxit.
797 1976 859 2016 14.
896 1976 1077 2031 denique
1110 1994 1205 2022 cum
1238 1982 1473 2026 inflamma-

123 2025 273 2063 rentur
317 2026 461 2067 omnia
505 2028 735 2085 nullusque
780 2033 913 2075 latere
957 2036 1043 2078 iam
1091 2043 1256 2094 posset,
1307 2042 1471 2084 cunctis

1539 188 1560 234 v2

1550 237 1560 274 α’

1541 278 1561 305 ,ι

212 2169 231 2197 4
257 2166 333 2199 tum
360 2179 464 2202 suam
490 2173 646 2206 mortem
677 2173 715 2208 C.
743 2174 787 2210 F.
821 2175 873 2212 W.
900 2177 1039 2213 Mit'ller
1096 2180 1222 2215 dolore
1254 2182 1288 2216 V
1332 2187 1351 2218 7
1386 2184 1469 2218 sub-

119 2207 211 2242 sidio
231 2228 270 2233 —
290 2214 309 2243 8
323 2212 384 2244 sed
404 2225 467 2250 nm,
483 2215 524 2248 rb
594 2220 613 2250 8
632 2221 975 2261 superuenientium
994 2224 1038 2268 by
1097 2230 1136 2259 16
1162 2227 1392 2269 procubuere
1423 2228 1468 2262 V³

117 2252 221 2297 Pbyn
277 2256 420 2299 roeulq:
448 2269 508 2292 erc
534 2260 574 2292 V·
628 2266 666 2295 17
691 2263 805 2297 solam
833 2266 1026 2301 uictoriam
1053 2279 1097 2303 eo
1124 2270 1206 2303 Lan
1235 2282 1279 2305 en
1324 2276 1366 2306 23
1393 2273 1467 2306 exi-

116 2307 190 2340 guo
213 2265 315 2340 Pliqa
341 2302 492 2343 texiguo
523 2303 556 2337 V
605 2310 648 2339 24
674 2318 862 2343 caesorum
889 2311 908 2344 b
933 2322 956 2344 α
980 2323 1171 2347 caesarum
1203 2281 1270 2349 &P
1322 2319 1366 2351 29
1391 2317 1466 2351 cul-

116 2341 186 2374 mis
222 2342 306 2377 V²P
330 2345 500 2380 culminis
537 2349 578 2382 V¹
643 2354 684 2384 31
712 2354 874 2388 extraxit
934 2355 971 2390 P
995 2358 1176 2392 exstruxit
1204 2358 1238 2393 V
1303 2364 1345 2396 32
1376 2371 1465 2396 non-

117 2385 315 2431 nullosque
347 2389 458 2435 Vqu
