1614 2549
0 0 395 21 fflfflr
422 0 436 2 ,
466 0 471 3 .

7 58 42 95 l*
360 77 700 115 coNsTAurivs
724 78 786 113 ET
811 76 1039 113 ivanvs
1065 80 1130 112 358
1336 77 1412 118 141

66 176 184 217 uitae
215 173 441 229 praesidiis
473 172 748 226 circumcisis,
780 175 855 214 aut
875 172 1090 214 obstinate
1123 172 1216 226 igni
1246 173 1417 226 peribat

67 235 334 288 absumptus,
366 235 441 273 aut
472 231 716 272 incendium
748 232 891 272 uitans
912 244 1195 285 egressusque
1215 246 1300 272 uno
1321 247 1416 286 sup-

65 293 197 347 plicio
229 291 443 332 declinato
475 290 589 331 ferro
622 290 895 331 sternebatur
926 289 1089 331 hostili.
1155 290 1417 344 1511181611-

66 355 132 393 tes
169 354 318 392 tamen
354 349 487 402 aliqui
531 349 621 389 tela
657 348 1035 402 incendiorumque
1073 349 1416 402 magnitudinem

31 426 48 452 5
67 409 206 451 amnis
249 407 382 449 uicini
420 422 464 448 se
503 407 738 448 comnisere
778 407 1045 460 gurgitibus,
1088 407 1247 460 peritia
1287 408 1418 449 nandi

65 469 182 522 ripas
231 466 460 508 ulteriores
512 477 718 519 occupare
766 479 893 519 posse
943 468 1183 519 sperantes,
1235 481 1418 520 quorum

65 527 261 581 plerique
295 524 523 566 summersi
552 524 695 564 necati
716 526 827 577 sunt,
861 524 937 564 alii
962 524 1115 564 iaculis
1136 525 1301 577 periere
1323 539 1418 566 con-

66 586 141 626 fixi
186 585 289 626 adeo
333 586 382 624 ut
427 583 595 624 abunde
640 596 789 623 cruore
829 582 982 623 diffuso
1021 586 1188 624 meatus
1228 583 1418 624 fluminis

67 645 289 698 spumaret
319 642 537 683 immensi:
569 642 632 682 ita
662 656 738 695 per
771 641 1033 682 elementum
1065 644 1296 696 utrumque
1324 641 1419 683 Sar-

13 720 47 746 10
66 705 207 744 matas
239 701 504 742 uincentium
536 701 602 741 ira
634 700 857 754 uirtusque
890 700 1062 741 deleuit.

187 761 253 802 16.
314 759 544 801 Placuerat
581 759 716 813 igitur
754 762 853 812 post
890 758 1004 800 hunc
1041 773 1187 800 rerum
1225 759 1420 800 ordinem

68 820 233 862 cunctis
266 819 398 859 adimi
431 833 550 872 spem
582 832 753 859 0111116111
774 818 974 871 uitaeque
996 817 1217 858 solacium.
1250 820 1293 858 et
1320 820 1420 871 post

68 879 179 920 lares
216 878 412 919 incensos
450 880 682 931 raptasque
721 876 911 917 familias
948 876 1127 930 nauigia
1163 876 1281 917 iussa
1320 878 1421 916 sunt

68 937 218 991 colligi
250 937 303 978 ad
328 936 607 990 indagandos,
643 949 748 990 quos
781 950 806 976 a
835 938 1085 976 nostrorum
1118 935 1207 975 acie
1239 934 1422 975 ulterior

15 1013 49 1039 15
69 996 332 1037 discreuerat
363 995 468 1048 ripa.
504 995 569 1035 17.
602 994 836 1047 statimque
867 1008 921 1034 ne
953 993 1157 1034 alacritas
1189 994 1422 1046 intepesce-

68 1058 136 1096 ret
180 1056 491 1108 pugnatorum,
534 1052 713 1106 inpositi
747 1052 950 1093 lintribus
1001 1067 1077 1105 per
1117 1052 1266 1093 abdita
1304 1051 1423 1093 ducti

66 1113 222 1154 uelites
256 1112 444 1166 expediti
476 1114 741 1165 occuparunt
761 1111 948 1152 latibula
968 1109 1277 1163 Sarmatarum,
1313 1124 1421 1164 quos

67 1171 318 1226 repentinus
358 1170 515 1211 fefellit
553 1173 769 1224 aspectus,
808 1170 992 1224 gentiles
1032 1169 1199 1210 lembos
1239 1172 1281 1210 et
1318 1172 1424 1210 nota

68 1231 251 1285 remigia
284 1230 592 1283 conspicantes.
640 1229 704 1270 18.
736 1228 812 1269 ubi
843 1243 945 1269 uero
978 1228 1128 1282 procul
1161 1227 1422 1268 micantibus

15 1302 50 1328 20
69 1289 187 1343 telis,
221 1289 333 1343 quod
364 1288 624 1329 uerebantur
656 1287 944 1341 propinquare
977 1289 1222 1339 senserunt,
1254 1286 1307 1327 ad
1339 1286 1423 1327 suf-

69 1348 192 1402 fugia
222 1348 416 1389 locorum
447 1346 709 1400 palustrium
739 1359 779 1387 se
811 1345 1086 1386 contulerunt
1118 1359 1276 1399 eosque
1308 1359 1423 1385 secu-

69 1410 140 1448 tus
172 1406 372 1447 infestius
405 1405 530 1446 miles
564 1405 698 1446 caesis
730 1404 931 1458 plurimis
970 1404 1032 1444 ibi
1069 1404 1300 1444 uictoriam
1331 1418 1423 1456 rep-

69 1465 196 1520 perit,
235 1465 310 1506 ubi
346 1479 424 1505 nec
462 1466 585 1505 caute
622 1477 747 1517 posse
775 1463 1008 1504 consistere
1046 1477 1123 1503 1160
1162 1462 1316 1503 audere
1349 1462 1424 1502 ali—

71 1524 174 1579 quid
205 1523 467 1565 credebatur.
534 1523 598 1564 19.
647 1524 747 1576 post
779 1522 1030 1575 absumptos
1063 1536 1198 1575 paene
1232 1521 1424 1562 diffusos-

16 1594 51 1621 25
70 1597 152 1637 que
172 1582 423 1623 Amicenses
455 1581 583 1635 petiti
615 1583 715 1622 sunt
748 1580 838 1621 sine
870 1595 992 1621 mora
1023 1579 1241 1633 Picenses,
1280 1579 1342 1620 ita
1374 1594 1424 1620 ex

68 1641 319 1695 regionibus
353 1640 562 1694 appellati
595 1639 891 1681 conterminis:
931 1653 1036 1693 quos
1069 1639 1252 1680 tutiores
1285 1638 1424 1678 fecere

71 1700 285 1742 sociorum
330 1714 557 1741 aerumnae
607 1713 831 1740 rumorum
880 1697 1140 1739 adsiduitate
1185 1700 1425 1750 conpertae.

13 1812 17 1816 ι
71 1759 125 1800 ad
157 1773 263 1812 quos
298 1758 601 1812 opprimendos
634 1782 690 1787 —-
711 1760 804 1798 erat
837 1757 950 1797 enim
983 1757 1165 1797 arduum
1197 1756 1319 1810 sequi
1350 1770 1425 1809 per

71 1818 243 1858 diuersa
276 1831 529 1870 conspersos
562 1816 837 1870 inprudentia
868 1816 1038 1856 uiarum
1059 1818 1230 1856 arcente
1252 1839 1307 1846 ν-
1329 1814 1426 1855 Τ31-

18 1889 54 1915 3ο
73 1876 261 1917 falorum
293 1876 502 1917 auxilium
541 1879 584 1917 et
614 1874 869 1916 Liberorum
908 1875 1096 1928 adaeque
1130 1873 1425 1915 Sarmatarum

74 1934 351 1988 adsumptum
384 1938 459 1976 est.
503 1934 571 1975 20.
604 1948 786 1987 cumque
818 1933 1076 1974 auxiliorum
1109 1932 1284 1985 agmina
1315 1931 1426 1972 loco-

73 2008 172 2034 rum
208 1993 320 2034 131310
360 1996 596 2047 separaret,
639 1995 805 2033 tractus
849 1992 1076 2045 contiguos
1114 1990 1303 2031 Moesiae
1342 1990 1426 2030 sibi

75 2052 200 2093 miles
235 2051 379 2105 elegit,
412 2051 573 2093 Taifali
603 2050 801 2104 proxima
832 2050 921 2090 suis
955 2049 1127 2090 sedibus
1160 2049 1426 2100 obtinebant,

74 2110 222 2151 Liberi
252 2113 389 2151 terras
422 2111 736 2164 occupauerant
768 2123 789 2148 e
820 2108 994 2162 regione
1028 2108 1112 2149 sibi
1144 2107 1378 2161 oppositas.

379 2199 392 2216 8

168 2229 188 2259 5
229 2225 455 2259 conmiscere
484 2223 521 2257 V
540 2223 764 2257 conmiscere
790 2223 827 2256 P
904 2226 922 2256 7
949 2221 1101 2257 confixis
1130 2222 1198 2256 VP
1263 2227 1281 2253 9
1308 2222 1427 2256 imens

84 2269 153 2304 VP
188 2271 338 2303 tumens
374 2270 440 2313 bya
531 2270 599 2302 *14
634 2278 726 2312 quos
759 2267 830 2301 GA
861 2278 922 2301 eos
957 2267 1045 2300 VPb
1147 2272 1183 2301 17
1223 2267 1357 2301 uelite‹
1393 2267 1428 2300 A

78 2314 141 2348 uel
153 2314 226 2348 iter
244 2314 357 2359 VPb9
403 2314 670 2347 sarmantarum
695 2312 729 2346 V
772 2316 812 2346 ‘21
831 2323 868 2346 se
895 2312 930 2347 G
953 2322 1018 2346 om.
1044 2312 1146 2346 codd.
1197 2316 1238 2346 25
1263 2312 1428 2356 pitenses

78 2359 116 2392 P
162 2363 207 2394 30
232 2359 400 2403 adaeque
424 2359 506 2403 Pby
530 2359 689 2402 ataeque
719 2356 754 2391 V
841 2361 884 2391 34
909 2357 1173 2401 oppositasque
1203 2356 1272 2390 VP
