1573 2508
1464 0 1573 61 ..Ἥ

158 141 313 195 coegit,
344 152 431 180 non
461 143 509 180 ut
540 139 801 182 lacesserent
820 139 975 183 Persas
1006 140 1052 182 in
1081 140 1248 195 proelia
1279 140 1351 182 sed
1381 155 1502 196 prae-

156 199 343 241 tenturis
377 197 595 239 iuncturos
628 197 848 240 citeriores
878 198 1069 255 Tigridis
1100 199 1230 254 ripas,
1273 202 1317 241 et
1360 214 1503 254 specu-

156 260 322 300 laturos
356 270 541 311 quonam
574 271 646 298 rex
680 261 923 311 erumperet
947 258 1175 300 uiolentus.
1236 258 1504 314 addebatque

156 316 367 360 monendo
400 316 570 370 saepius
591 319 634 356 et
665 316 888 357 scribendo
910 319 968 371 ut,
1001 317 1037 358 si
1058 316 1290 359 multitudo
1316 318 1503 360 transire

156 375 368 429 coepisset
399 374 586 428 hostilis,
615 375 826 416 referrent
858 375 984 417 citius
1021 375 1185 430 pedem.
1224 376 1286 417 ·4.
1316 376 1502 432 dumque
1520 389 1539 416 ε

156 434 396 476 conlimitia
427 434 544 474 iussa
576 433 822 476 custodiunt
854 434 994 488 duces,
1032 438 1075 475 et
1113 433 1281 476 occulta
1317 434 1503 478 fallacis·

156 494 288 535 simae
321 492 464 547 gentis
496 492 793 547 obseruantur,
826 502 958 547 agens
992 493 1083 547 ipse
1116 507 1212 534 cum
1244 495 1365 546 parte
1396 493 1503 536 uali-

155 553 263 594 diori
315 551 526 593 exercitus
577 551 756 593 curabat
799 552 1002 606 urgentia
1048 551 1165 593 uelut
1215 555 1500 607 pugnaturus,

155 611 394 666 oppidaque
445 610 648 651 tuebatur
699 625 890 651 excursu.
967 611 1256 665 speculatores
1306 625 1408 652 uero
1459 613 1503 653 et
1567 622 1573 656 ζ

153 670 405 724 transfugae
444 668 622 709 subinde
660 669 881 710 uenientes
918 669 1207 723 repugnantia
1250 669 1502 724 prodebant,
1520 668 1573 711 ιοῖ

154 729 249 770 ideo
282 728 525 769 futurorum
563 727 728 782 incerti,
761 727 874 782 quod
913 728 1024 782 apud
1055 727 1209 769 Persas
1246 742 1372 770 nemo
1405 743 1502 770 con-

154 788 351 828 siliorum
385 790 449 827 est
482 786 675 827 conscius
713 789 884 840 praeter
916 787 1148 841 optimates
1186 786 1425 828 taciturnos
1458 790 1502 828 et

152 846 273 899 fidos,
305 845 416 900 apud
450 859 556 899 quos
589 844 751 886 silentii
784 859 950 900 quoque
971 845 1128 887 colitur
1159 860 1327 886 numen.
1377 845 1416 887 5.
1435 859 1501 887 ac-

153 905 399 946 cersebatur
432 907 575 945 autem
609 919 632 944 a
663 904 914 945 memoratis
947 904 1126 946 ducibus
1165 904 1400 959 imperator
1431 903 1500 946 ad·
1560 947 1562 950 ,

152 964 284 1017 sidue,
316 963 538 1004 orantibus
572 962 673 1003 ferri
707 963 788 1004 sibi
811 964 1039 1017 suppetias.
1092 963 1364 1005 testabantur
1385 962 1499 1004 enim
1518 975 1565 1019 is.

153 1037 196 1063 se
229 1037 315 1063 non
345 1022 428 1062 nisi
462 1021 620 1062 coactis
653 1022 696 1062 in
716 1035 848 1063 unum
880 1022 1046 1063 uiribus
1067 1022 1231 1064 cunctis
1263 1036 1388 1076 posse
1421 1021 1497 1063 im-

150 1085 297 1135 petum
330 1081 446 1134 regis
480 1080 771 1121 ardentissimi
805 1081 1028 1122 sustinere.

269 1140 307 1181 6.
341 1139 457 1188 Quae
490 1139 591 1179 dum
624 1141 812 1192 aguntur
844 1139 907 1180 ita
938 1139 1137 1193 sollicite,
1168 1138 1309 1180 nuntii
1334 1153 1498 1192 percre-

150 1199 280 1240 buere
313 1197 556 1252 certissimi,
589 1211 770 1252 quorum
803 1197 920 1238 clara
951 1197 1032 1239 fide
1065 1200 1316 1253 conpertum
1348 1199 1414 1238 est
1432 1195 1499 1239 Iu-

151 1258 314 1299 lianum
347 1256 520 1298 Italiam
553 1260 595 1297 et
627 1255 852 1310 Illyricum
886 1271 1012 1298 cursu
1045 1257 1173 1298 celeri
1209 1258 1497 1311 praetergres-
1515 1270 1562 1298 θαι

151 1332 245 1358 sum
296 1316 485 1357 claustra
539 1315 714 1356 interim
769 1329 999 1369 occupasse
1051 1315 1308 1369 Succorum,
1358 1315 1497 1357 accita

150 1375 335 1429 undique
367 1374 706 1428 praestolantem
727 1373 902 1428 auxilia,
933 1377 982 1416 ut
1002 1374 1276 1416 multitudine
1310 1373 1497 1428 stipatus

150 1437 415 1475 armatorum
447 1433 702 1487 peruaderet
735 1431 957 1475 Thracias.
1003 1434 1040 1474 7.
1061 1448 1142 1489 quo
1164 1433 1353 1488 cognito,
1384 1447 1497 1474 mae-

147 1507 243 1534 rore
257 1492 418 1534 offusus
435 1491 727 1545 Constantius,
747 1491 905 1533 solacio
927 1506 1011 1533 uno
1033 1492 1368 1546 sustentabatur,
1382 1491 1496 1546 quod

149 1551 376 1593 intestinos
399 1565 566 1605 semper
587 1550 855 1605 superauerit
874 1553 1031 1604 motus,
1062 1565 1106 1591 re
1127 1554 1274 1592 tamen
1293 1563 1497 1604 magnam
1514 1563 1549 1590 25

149 1611 186 1651 ei
220 1610 520 1651 difficultatem
553 1609 605 1650 ad
638 1608 945 1663 capessendum
967 1610 1192 1651 consilium
1214 1608 1432 1651 adferente
1452 1607 1496 1650 id

147 1669 281 1723 elegit
300 1668 587 1722 potissimum,
620 1671 668 1709 ut
686 1667 896 1708 uehiculis
928 1668 1113 1722 publicis
1139 1668 1374 1723 inpositum
1395 1681 1496 1722 pau-

147 1727 272 1769 latim
304 1727 603 1782 praemitteret
633 1726 830 1780 militem,
862 1726 1088 1769 inminenti
1121 1742 1243 1770 casus
1276 1725 1496 1768 atrocitati

147 1786 337 1828 uelocius
370 1800 658 1828 occursurum.
721 1786 758 1827 8.
791 1785 1068 1840 omniumque
1106 1801 1314 1828 consensu
1346 1784 1495 1839 adpro-

146 1845 250 1887 bata
282 1845 496 1886 sententia
525 1844 777 1899 pergebant,
809 1847 856 1885 ut
886 1848 1162 1899 praeceptum
1186 1849 1263 1899 est,
1295 1842 1493 1898 expediti.
1511 1857 1555 1898 so,

147 1904 268 1958 eique
306 1903 410 1946 haec
449 1903 693 1958 disponenti
732 1903 824 1944 luce
861 1907 1037 1957 postera
1073 1904 1310 1957 nuntiatur,
1348 1915 1494 1956 regem
1553 1943 1556 1956 -‚

156 42 241 85 254
663 43 748 81 xxl
777 50 829 89 13,
853 48 965 82 4-12

234 2110 253 2140 2
279 2107 469 2142 iuncturos
494 2127 536 2133 —-
562 2107 819 2152 speculaturus
844 2108 924 2158 (sic)
956 2106 1023 2143 VP
1046 2116 1113 2142 om.
1139 2107 1159 2141 b
1251 2110 1271 2142 3
1295 2117 1359 2142 rex
1383 2106 1488 2143 codd.

144 2162 208 2186 rex
235 2161 362 2185 eorum
379 2151 412 2187 G
458 2156 478 2186 4
503 2152 532 2185 si
558 2151 759 2187 multitudo
777 2153 814 2187 A
838 2151 1028 2187 similtudo
1057 2150 1125 2187 VP
1149 2151 1372 2196 simulatque
1397 2151 1490 2186 mul·
1535 2155 1552 2198 {J

143 2195 265 2230 titudo
293 2195 326 2229 G
351 2196 574 2241 simulatque
600 2198 620 2231 b
711 2202 732 2233 8
757 2197 931 2242 urgentia
956 2196 1027 2232 ΘΑ
1050 2196 1179 2241 gentia
1206 2195 1275 2232 VP
1303 2206 1427 2241 genua
1449 2195 1491 2231 rb
1535 2207 1551 2228 ,υ

146 2245 186 2275 12
211 2251 232 2275 o
261 2241 411 2275 timates
435 2265 477 2270 -
506 2246 545 2276 13
563 2241 700 2276 silentii
725 2253 873 2286 quoque
898 2241 985 2277 add.
1017 2240 1071 2276 Vm
1121 2245 1161 2276 13
1187 2240 1321 2276 colitur
1351 2250 1490 2275 numen
1534 2239 1550 2265 '-

143 2296 208 2322 om.
279 2285 299 2320 b
345 2289 387 2320 23
412 2287 638 2321 armatorum
667 2287 800 2331 scripsi
830 2287 892 2330 (cf.
923 2288 990 2328 22,
1020 2287 1046 2321 2
1095 2286 1131 2331 4)
1162 2296 1348 2321 armorum
1384 2284 1489 2322 codd.
1539 2291 1549 2311 ³

143 2334 186 2365 26
212 2331 258 2376 ei]
285 2331 323 2365 et
347 2330 451 2365 codd.
477 2340 544 2366 om.
574 2331 606 2366 G
699 2331 737 2366 id
763 2331 879 2376 elegit
907 2331 1020 2366 VPba
1045 2313 1187 2376 delegit
1227 2329 1260 2365 G
