1573 2508
164 104 244 146 104
672 99 759 135 XVI
786 104 838 142 12,
862 102 993 136 33-41

160 197 238 238 bat
277 196 575 249 ‘exsurgamus
614 194 699 235 uiri
735 194 888 235 fortes:
926 193 1218 248 propellamus
1256 192 1531 235 fortitudine·

161 267 352 309 congrua
382 253 513 295 inlisa
543 251 704 294 nostris
736 251 933 306 partibus
971 252 1147 306 probra:
1186 264 1294 306 quae
1325 253 1512 294 contem-

161 314 284 367 plans
294 311 491 354 Caesaris
499 325 657 353 nomen
670 310 909 353 cunctando
925 310 1121 364 suscepi'.
1140 310 1208 352 33.
1223 323 1511 366 quoscumque

161 375 305 413 autem
342 383 512 436 pugnae
545 370 717 424 signum
754 368 995 410 inconsulte
1033 371 1258 423 poscentes
1290 371 1512 423 rupturos·

163 443 244 484 que
277 429 503 507 imperium
533 428 785 483 inrequietis
806 427 995 469 motibus
1027 427 1325 481 praeuider‘et
1334 427 1508 481 quaeso’
1526 466 1535 481 ,μ

163 488 304 542 inquit
340 488 410 529 ‘ne
449 487 597 528 hostes
636 486 864 528 uertendos
903 486 947 527 in
984 485 1133 540 fugam
1165 488 1392 540 sequentes
1424 484 1511 527 aui-

162 547 256 588 dius
288 546 458 587 futurae
490 545 697 587 uictoriae
731 545 915 599 gloriam
948 544 1141 598 uioletis‚
1171 558 1252 585 neu
1285 543 1379 598 quis
1412 545 1512 586 ante

164 605 466 647 necessitatem
516 604 714 645 ultimam
760 603 893 644 cedat.
953 617 1053 644 nain
1097 578 1313 657 fugituros
1363 601 1511 656 procul

163 663 292 705 dubio
314 663 519 715 deseram,
539 662 730 703 hostium
750 666 875 716 terga
895 662 1081 703 caesuris
1097 661 1224 703 adero
1245 661 1512 714 indiscretus,
1553 712 1558 719 Α

163 723 199 763 si
232 722 313 762 hoe
345 721 596 774 pensatione
630 720 851 762 moderata
881 720 958 761 fiat
989 724 1033 761 et
1064 720 1217 762 cauta’.
1531 733 1546 759 1

283 780 351 820 3-1.
377 779 494 820 Haec
515 779 716 833 aliaque
703 793 749 820 111
780 779 958 820 eundem
980 779 1150 820 modum
1185 778 1355 832 saepius
1387 771 1559 832 repli-'

163 838 298 880 cando
338 838 544 879 maiorem
583 837 794 879 exercitus
831 840 1000 891 partem
1036 837 1199 891 primae
1230 836 1515 878 barbarorum

164 896 367 951 opposuit
398 896 549 949 fronti,
587 899 631 937 et
663 896 805 937 subito
837 895 1179 937 Alamannorum
1211 894 1403 948 peditum
1434 894 1515 935 fre·
1552 913 1560 946 ς

163 955 295 997 mitus
333 955 622 1009 indignationi
667 955 826 996 mixtus
865 954 1034 996 auditus
1081 957 1146 995 est
1182 953 1375 995 unanimi
1419 966 1515 994 con·

164 1014 400 1067 spiratione
431 1013 759 1054 uociferantium
791 1012 954 1054 relictis
987 1013 1107 1066 equis
1140 1026 1282 1053 secum
1315 996 1564 1065 oporterert

163 1072 328 1113 uersari
353 1072 534 1125 regales,
553 1086 618 1125 ne,
639 1071 780 1125 siquid
800 1071 1057 1124 contigisset
1077 1071 1315 1124 aduersum,
1346 1070 1517 1112 deserta.
1554 1085 1561 1114 2

167 1130 407 1172 miserabili
438 1130 562 1183 plebe
595 1130 767 1171 facilem
797 1129 1041 1176 discedendi
1069 1129 1238 1183 copiam
1266 1128 1515 1182 reperirent.

166 1189 234 1231 35.
253 1188 418 1242 hocque
434 1192 638 1242 conperto
654 1187 1023 1230 Chonodomarius
1043 1188 1233 1229 iumento
1254 1188 1346 1241 ipse
1367 1186 1516 1229 statim

165 1247 341 1289 desiluit
373 1251 415 1289 et
442 1247 576 1288 secuti
602 1261 698 1288 eum
729 1246 887 1288 residui
919 1247 1032 1288 idem
1051 1246 1191 1288 facere
1210 1245 1321 1287 nihil
1340 1244 1517 1287 morati:
1556 1261 1561 1289 ⁴.

163 1320 242 1348 nec
281 1306 394 1346 enim
439 1320 585 1347 eorum
624 1306 850 1360 quisquam
889 1305 1139 1359 ambigebat
1183 1307 1350 1358 partem
1394 1318 1540 1349 sae-m,

166 1366 258 1406 fore
291 1364 523 1405 uictricem.

285 1423 352 1464 36.
367 1422 480 1464 Dato
496 1423 630 1477 igitur
645 1426 895 1465 aenatorum
911 1427 1087 1464 accentu
1103 1421 1372 1463 sollemniter
1390 1420 1515 1475 signo
1560 1466 1561 1469 Ἴ

166 1482 217 1523 ad
251 1481 525 1536 pugnandum
557 1482 772 1536 utrimque
792 1481 960 1535 magnis
981 1495 1234 1522 concursum
1254 1483 1320 1521 est
1339 1479 1517 1520 uiribus.
1559 1531 1561 1535 ι

163 1540 497 1594 propilabantur
528 1540 713 1582 missilia
744 1544 786 1581 et
824 1543 1104 1594 properantes
1137 1539 1222 1580 cito
1256 1552 1383 1593 quam
1421 1551 1516 1579 con·
1558 1544 1562 1556 ’

167 1599 355 1640 siderato
407 1614 531 1641 cursu
575 1598 777 1640 Germani
827 1598 998 1653 telaque
1048 1598 1210 1639 dextris
1254 1596 1516 1650 explicantes

167 1657 415 1698 inuolauere
454 1661 697 1699 nostrorum
735 1657 927 1711 equitum
971 1661 1136 1698 turmas
1174 1655 1418 1697 frendentes
1456 1653 1517 1695 in·

167 1715 313 1757 mania
363 1730 594 1770 eorumque
644 1716 761 1757 ultra
810 1715 986 1758 solitum
1038 1714 1320 1757 saeuientium
1371 1727 1517 1754 comae

166 1774 346 1815 fluentes
378 1774 611 1816 horrebant
643 1778 685 1815 et
718 1774 914 1816 elucebat
945 1774 1118 1828 quidam
1151 1788 1202 1815 ex
1225 1772 1361 1814 oculis
1386 1771 1518 1824 furor,

167 1847 273 1887 quos
305 1836 455 1874 contra
485 1833 685 1886 pertinax
716 1832 840 1874 miles
874 1836 1092 1874 scutorum
1112 1831 1307 1873 obicibus
1333 1829 1517 1872 uertices

165 1894 317 1944 tegens
338 1892 607 1946 eiectansque
639 1890 806 1945 gladios
826 1891 895 1932 uel
928 1891 1017 1933 tela
1036 1890 1310 1944 concrispans
1331 1891 1515 1930 mortem

166 1949 415 1992 minitantia
433 1950 714 2003 perterrebat.
765 1950 833 1991 37.
853 1964 1032 2004 eumque
1052 1949 1097 1990 in
1129 1949 1222 2003 ipso
1254 1947 1517 2002 proeliorum

168 2008 349 2049 articulo
372 2023 500 2062 eques
520 2023 565 2049 se
585 2008 757 2050 fortiter
778 2011 1069 2050 conturmaret
1089 2011 1133 2049 et
1164 2006 1350 2048 muniret
1380 2005 1517 2047 latera

258 2155 278 2184 5
303 2151 544 2194 praeuiueret
573 2151 610 2185 P
639 2152 858 2195 peruiueret
886 2151 919 2184 V
1007 2154 1028 2185 8
1058 2149 1238 2201 fugitiuos
1272 2149 1305 2184 G
1335 2148 1372 2183 fu
1403 2148 1518 2182 'turos

178 2195 292 2229 VPba
387 2199 427 2230 13
452 2195 499 2229 ad
525 2195 807 2230 alamannorum
837 2195 904 2231 VP
998 2199 1036 2229 17
1067 2193 1278 2228 miserabile
1309 2192 1372 2238 ple
1401 2203 1456 2228 em
1487 2191 1520 2225 V
1557 2227 1560 2236 ,

174 2245 211 2273 114
238 2238 517 2274 ‹linodomarius
536 2239 603 2274 VP
641 2240 720 2284 ipse
746 2240 926 2290 Eyssenh.
949 2238 987 2273 id
1011 2238 1078 2274 VP
1101 2249 1145 2272 ac
1170 2238 1215 2288 bq
1259 2241 1303 2273 23
1321 2240 1404 2282 post
1428 2236 1517 2271 uiri-
1559 2266 1563 2277 ,

167 2284 236 2317 bus
265 2284 375 2318 inser.
407 2283 557 2334 populis
587 2283 620 2318 V
648 2284 779 2328 populi
810 2285 854 2329 by
882 2294 949 2319 om.
974 2284 1008 2318 A
1100 2287 1144 2317 24
1174 2284 1249 2317 cito
1275 2281 1309 2318 G
1333 2287 1419 2317 cuto
1451 2281 1521 2316 VP

168 2329 276 2363 scuta.
297 2330 341 2362 ba
417 2332 460 2362 26
485 2328 650 2363 inmania
671 2347 716 2353 —
741 2333 785 2364 28
810 2328 969 2364 fluentes
997 2326 1102 2363 VGA
1125 2337 1191 2362 om.
1215 2326 1274 2362 Pb
1348 2329 1391 2362 28
1415 2325 1520 2361 furor

168 2383 211 2406 ex
239 2371 353 2406 oculis
378 2376 555 2415 trauspos.
582 2373 614 2407 G
