1573 2508
523 67 681 102 PRAEF
687 68 811 105 ATlo.
1299 71 1408 107 VIIII

55 166 207 216 utpote
239 162 353 203 cives
385 162 584 204 benivole
617 167 805 205 excusat.
868 163 938 206 Sic
971 164 1085 205 enim
1118 164 1180 205 ait
1216 165 1263 206 in
1293 165 1406 209 libro

55 220 192 263 XXII.
243 221 322 262 sub
371 220 519 262 finem:
576 221 681 270 Quo
738 223 874 264 circa-
923 223 975 264 in
1031 237 1114 264 eos
1166 222 1404 279 deinceps

55 280 310 334 saeuiens,
346 283 401 321 ut
439 280 830 322 obtrectatores
863 284 911 323 et
944 284 1288 337 contumaces,
1329 297 1405 325 vo-

56 339 231 380 lumen
280 339 575 392 composuit
636 340 974 395 inuectiuum,
1037 341 1168 395 quod
1223 341 1404 384 Antio-

58 397 240 440 chense
285 397 367 439 uel
411 396 801 452 Misopogonem
851 399 1165 453 appellauit,
1214 401 1406 454 probra

56 456 301 498 ciuitatis
346 455 547 497 infensa
593 460 760 498 mente
801 457 1149 510 dinumerans,
1194 459 1406 501 addens-

56 529 149 570 que
181 515 400 556 veritati
432 515 710 569 complura.
774 514 976 557 Ceterum
997 531 1093 558 cum
1112 520 1212 570 post
1239 518 1406 560 obitum

53 573 257 615 Valentis
302 573 604 615 Marcellinum
648 575 693 615 in
737 575 888 616 urbem
932 576 1119 629 uenisse,
1161 576 1306 630 ibique
1343 577 1407 618 hi—

56 633 212 674 storias
234 632 527 686 composuisse
549 632 784 674 docuerim:
816 637 988 688 tempus
1014 634 1168 688 ipsum,
1201 649 1284 689 quo
1322 635 1405 677 hae

52 691 263 732 historiae
320 691 504 745 scriptae
561 695 682 746 sunt,
744 693 849 733 satis
906 693 1250 734 demonstratum
1286 698 1405 748 puto.

56 750 330 804 Quamquam
373 753 547 791 tantum
590 754 766 805 tamque
812 751 992 792 arduum
1040 766 1146 805 opus
1183 766 1277 807 ,non
1318 767 1405 794 uno

57 809 143 862 die,
183 812 257 850 aut
297 823 408 849 anno
448 809 668 851 detextum
705 813 787 863 est3
828 810 901 850 sed
938 825 1016 864 per
1046 813 1192 864 partes
1226 811 1405 853 subinde

56 868 109 908 ab
144 871 317 908 auctore
349 867 636 921 publicatrun:
670 869 782 923 quod
815 869 946 910 etiam
978 869 1024 909 in
1060 869 1245 923 epistola
1277 885 1407 924 supra

55 926 191 967 allata
222 929 410 967 testatur
441 926 661 968 Libanius.
728 927 787 968 Et
824 928 984 968 librum
1024 928 1195 981 quidem
1226 927 1406 970 XXVII.

53 988 154 1038 post
208 999 377 1026 necem·
420 984 638 1040 Gratiani,
700 989 743 1027 et
803 985 1032 1040 tyrannide
1087 986 1267 1028 Maximi
1317 988 1405 1028 iam

53 1043 285 1098 profligata
353 1045 562 1098 scriptum
631 1045 765 1086 fuisse
826 1048 949 1099 patet
1013 1059 1064 1086 ex
1133 1045 1245 1086 libro
1308 1046 1404 1100 ipso

54 1101 234 1143 XXVII.
256 1102 370 1157 quod
403 1103 533 1144 etiam
556 1118 606 1144 ex
638 1104 859 1158 prooemio
893 1103 995 1144 libri
1021 1103 1223 1145 XXVIII.
1256 1105 1406 1159 colligi

55 1164 220 1215 potest,
258 1161 334 1202 ubi
372 1162 433 1203 ait
473 1161 660 1203 Tamen
697 1163 990 1216 praesentis
1029 1163 1279 1217 temporis
1312 1177 1406 1204 mo-

56 1220 224 1261 destia
275 1219 522 1274 confisus,
567 1224 646 1262 etc.
721 1221 949 1263 Praeterea
999 1221 1045 1262 in
1093 1221 1206 1263 libro
1246 1221 1405 1263 XXVI.

55 1278 344 1320 Neotherium
377 1277 610 1320 Consulem
641 1283 866 1321 memorat.
926 1279 1027 1321 Fuit
1056 1283 1201 1321 autem
1220 1280 1406 1322 Neothe-

55 1337 146 1378 rius
186 1335 348 1378 Consul
391 1352 501 1379 anno
539 1338 717 1379 Domini
755 1337 901 1394 39oss).
962 1337 1023 1379 At
1054 1339 1099 1379 in
1136 1339 1248 1380 libro
1281 1338 1407 1380 XXII

56 1396 107 1437 de
140 1394 402 1452 Serapeo**)
439 1400 488 1438 ut
521 1397 658 1438 adhuc
699 1400 840 1438 stante
873 1397 1084 1451 loquitur:
1118 1398 1231 1452 quod
1269 1397 1407 1439 Theo-

56 1455 167 1496 dosii
202 1454 310 1509 Imp.
350 1455 489 1496 edicto
535 1456 803 1497 destructum
841 1460 906 1497 est
945 1453 1186 1498 Consulatu
1224 1455 1406 1498 Timasii

58 1516 101 1555 et
131 1513 344 1567 Promoti,
381 1514 424 1554 id
463 1518 529 1556 est
568 1529 679 1556 anno
713 1519 813 1556 ante
846 1513 1132 1556 Consulatum
1166 1514 1407 1569 Neotherii,

54 1575 104 1613 ut
145 1573 297 1614 scribit
333 1572 612 1615 Marcellinus
651 1574 696 1615 in
734 1572 960 1615 Chronico.
1022 1573 1294 1628 Quamquam
1326 1573 1405 1615 Ta-

55 1631 175 1672 tiano
209 1634 251 1673 et
285 1630 543 1685 Symmacho
577 1631 695 1674 Coss.
728 1647 840 1674 anno
872 1632 998 1674 Dom.
1020 1632 1103 1673 391
1137 1633 1181 1673 id
1201 1632 1406 1674 accidisse

55 1690 218 1731 indicat
256 1690 491 1732 Theodosii
528 1691 663 1745 ipsius
702 1691 890 1733 edictum
928 1691 973 1731 in
1012 1691 1155 1733 codice
1194 1691 1405 1732 Theodos.

55 1749 107 1790 de
145 1748 344 1803 Paganis.
413 1749 575 1798 Quanti
611 1765 740 1804 porro
778 1750 1021 1791 faciendum
1060 1750 1117 1791 sit
1147 1750 1228 1791 hoc
1260 1749 1408 1791 Histo-

54 1808 219 1849 riarum
251 1822 358 1862 opus
390 1807 638 1850 Marcellini
668 1810 807 1850 nostri
840 1824 891 1850 ex
924 1809 1060 1850 allato
1084 1808 1257 1850 Libanii
1287 1808 1407 1849 testi·
1460 1807 1466 1812 ’

56 1867 201 1908 monio
257 1867 444 1921 perspici
497 1871 654 1922 potest.
732 1867 843 1909 Mihi
899 1868 1071 1922 quidem
1125 1867 1405 1908 Marcellinus

58 1926 236 1967 summis
282 1926 523 1980 quibusque
566 1926 788 1968 Historiae
828 1926 1112 1980 scriptoribus
1158 1940 1406 1980 comparan-

58 1984 136 2025 dus
168 1985 348 2026 videtur.
409 1984 525 2026 Nam
557 2000 653 2027 cum
679 1986 760 2027 duo
793 1986 978 2026 maxime
998 1985 1044 2025 in
1062 1984 1270 2026 historico
1292 1999 1406 2038 spec-

56 2043 189 2085 tanda
220 2043 324 2097 sint,
362 2058 430 2085 res
463 2047 506 2085 et
543 2045 694 2086 verba:
728 2044 912 2086 elocutio
946 2043 1117 2098 quidem
1160 2043 1275 2084 haud
1308 2058 1406 2097 qua-

59 2116 188 2156 quam
220 2117 364 2144 rerum
390 2106 612 2157 gestarum
639 2104 842 2158 scriptori
866 2102 1128 2157 negligenda
1148 2105 1230 2143 est:
1262 2116 1405 2143 rerum

148 2298 184 2339 *)
212 2298 268 2342 [cf.
296 2298 455 2341 Sievers,
481 2299 608 2335 Leben
634 2300 698 2335 des
722 2300 899 2335 Libanius
922 2311 958 2344 p.
985 2300 1064 2344 272]

149 2342 206 2386 *²5‘)
235 2343 297 2388 [of.
325 2344 597 2388 Gardthausen,
623 2345 693 2380 Die
712 2345 923 2390 Geograph.
943 2344 1062 2386 Quen.
1081 2343 1274 2378 Ammians
1290 2354 1326 2387 p.
1345 2342 1402 2386 31]
