1614 2549
578 41 809 76 IVLIANVS
834 45 899 78 363
1330 43 1413 86 337

66 148 140 176 eos
179 136 301 175 extra
336 133 501 187 regales
540 149 708 176 mensas
746 135 855 176 hora
893 144 958 175 est
994 135 1253 188 praestituta
1290 151 1414 190 pran-

66 192 204 246 dendi,
236 192 310 233 sed
340 195 489 233 uenter
520 193 595 234 uni
627 193 776 247 cuique
802 193 923 235 uelut
942 193 1149 234 solarium
1170 196 1246 248 est,
1278 209 1412 249 eoque

65 253 265 293 monente
287 251 399 305 quod
419 251 619 293 inciderit
640 252 789 306 editiu,
816 266 893 293 nec
914 251 1140 306 quisquam
1160 255 1261 307 post
1286 254 1411 294 satie-

63 312 199 351 tatem
231 309 466 363 superfluos
500 310 584 351 sibi
616 311 775 364 ingerit
807 310 937 352 cibos.
990 311 1055 352 78.
1082 311 1253 352 inmane
1281 326 1410 366 quan-

3 381 44 419 ‚5
61 369 155 410 tum
173 368 362 409 restricti
383 371 425 409 et
446 369 573 422 cauti,
592 371 640 410 ut
659 369 773 410 inter
792 369 972 411 hostiles
992 369 1142 410 hortos
1164 369 1409 424 gradientes

0 467 1 471 ,
61 441 150 468 non
174 441 407 481 numquam
434 429 476 468 et
506 427 662 482 uineta,
700 442 778 469 nec
813 428 987 481 cupiant
1019 427 1182 482 aliquid
1206 443 1284 470 nec
1316 443 1411 471 con-

62 485 236 540 tingant
248 500 512 527 uenenorum
527 488 569 527 et
588 489 848 528 secretarum
863 485 1021 527 artium
1034 488 1163 527 metu.
1197 487 1264 528 79.
1285 502 1410 541 super

61 543 129 585 his
161 559 239 585 nec
272 545 423 585 stando
444 545 640 599 mingens
661 559 738 586 nec
766 545 818 586 ad
849 545 1058 599 requisita
1088 548 1267 587 naturae
1300 560 1410 587 sece-

59 602 162 644 dens
195 603 320 644 facile
348 603 503 644 uisitur
523 603 676 645 Persa:
709 604 770 644 ita
790 603 1086 644 obseruantius
1113 603 1219 645 haec
1240 604 1409 659 aliaque

25 661 257 715 opudenda
294 661 523 703 declinant.
586 663 653 704 80.
687 662 790 703 adeo
824 665 967 704 autem
1005 661 1204 703 dissoluti
1236 665 1336 704 sunt
1367 666 1411 704 et

59 722 229 761 artuum
259 720 439 761 laxitate
471 733 667 775 uagoque
700 722 867 762 incessu
894 735 939 762 se
959 721 1204 761 iactitantes
1236 724 1285 762 ut
1316 721 1409 762 effe-

57 779 244 820 minatos
284 779 519 833 existimes,
558 794 653 820 cum
697 779 784 820 sint
828 779 1026 820 acerrimi
1057 779 1304 834 bellatores,
1336 780 1408 822 secl

56 837 195 891 magis
229 838 414 879 artifices
437 853 565 892 quam
593 838 726 880 fortes
749 838 998 892 eminusque
1017 838 1247 892 terribiles,
1279 838 1408 880 abun-

56 895 206 938 dantes
226 896 427 938 inanibus
448 897 591 938 uerbis
612 897 894 951 insanumque
926 897 1150 951 loquentes
1184 898 1227 937 et
1257 896 1408 952 ferum,

24 966 33 971 ‘
56 954 291 1009 magnidici
311 958 354 995 et
384 969 537 1010 graves
558 970 607 997 ac
632 955 774 1008 taetri,
805 955 992 996 minaces
1013 955 1132 996 iuxta
1151 955 1197 996 in
1217 955 1406 998 aduersis

53 1013 181 1054 rebus
216 1016 258 1054 et
289 1014 528 1068 prosperis,
567 1014 714 1055 callidi
746 1014 920 1068 superbi
953 1013 1156 1067 crudeles,
1188 1014 1304 1055 uitae
1336 1029 1406 1056 ne-

53 1071 198 1126 cisque
237 1075 499 1126 potestatem
543 1074 589 1114 in
629 1087 775 1113 seruos
816 1075 858 1113 et
899 1072 1091 1126 plebeios
1135 1072 1403 1115 uindicantes

53 1130 280 1172 obscuros:
342 1133 458 1172 cutes
490 1132 602 1173 uiuis
634 1131 883 1172 hominibus
916 1130 1148 1172 detrahunt
1177 1131 1405 1185 particula-

53 1189 133 1230 tim
166 1190 236 1231 uel
270 1190 442 1244 solidas,
474 1205 552 1232 nec
583 1190 849 1231 ministranti
881 1190 994 1243 apud
1014 1203 1085 1230 eos
1106 1189 1268 1230 famulo
1290 1204 1405 1232 men-

16 1260 32 1286 ο
52 1262 208 1303 saeque
229 1248 418 1290 adstanti
448 1249 613 1291 hiscere
638 1249 709 1290 uel
740 1248 859 1303 loqui
890 1248 993 1289 licet
1024 1248 1094 1289 uel
1132 1262 1302 1302 spuere:
1340 1249 1404 1291 ita

49 1308 280 1361 prostratis
312 1307 500 1361 pellibus
533 1308 656 1349 labra
676 1307 866 1348 omnium
885 1307 1144 1348 uinciuntur.
1195 1307 1262 1349 81.
1283 1307 1401 1362 leges

51 1366 164 1420 apud
195 1361 266 1407 eos
299 1366 501 1420 inpendio
533 1367 807 1420 formidatae,
845 1366 957 1406 inter
990 1380 1094 1419 quas
1128 1365 1303 1407 diritate
1337 1381 1402 1408 ex-

50 1427 255 1478 superant
291 1425 405 1466 latae
445 1427 594 1466 contra
630 1425 827 1479 ingratos
866 1427 908 1465 et
939 1424 1196 1478 desertores,
1229 1426 1272 1465 et
1303 1425 1404 1466 abo-

49 1483 276 1525 minandae
298 1484 421 1538 aliae,
452 1499 529 1538 per
562 1499 666 1538 quas
700 1483 752 1524 ob
785 1497 943 1524 noxam
975 1483 1100 1524 unius
1134 1483 1273 1524 omnis
1304 1498 1401 1537 pro-

8 1553 32 1578 ’5
50 1542 271 1597 pinquitas
303 1543 428 1596 perit.
484 1543 552 1585 82.
585 1543 638 1584 ad
669 1541 941 1583 iudicandum
974 1543 1116 1583 autem
1148 1556 1227 1583 usu
1257 1556 1402 1584 rerum

47 1601 233 1655 spectati
265 1601 535 1643 destinantur
567 1602 610 1642 et
640 1600 813 1655 integri,
843 1615 996 1654 parum
1029 1600 1180 1641 alienis
1207 1601 1400 1642 consiliis

47 1659 307 1714 indigentes,
347 1660 458 1701 unde
495 1662 690 1702 nostram
722 1659 1071 1701 consuetudinem
1102 1658 1256 1713 rident,
1292 1674 1398 1714 quae

46 1717 264 1760 interdum
300 1718 504 1760 facundos
544 1719 735 1773 iurisque
772 1717 937 1772 publici
973 1717 1259 1772 peritissimos
1298 1721 1399 1772 post

0 1760 3 1784 '
48 1776 319 1819 indoctorum
340 1778 537 1819 conlocat
555 1779 690 1831 terga.
739 1791 841 1818 nam
861 1775 975 1831 quod
994 1776 1259 1829 supersidere
1281 1777 1397 1818 corio

0 1847 28 1871 30
48 1835 240 1877 damnati
273 1837 327 1877 ob
360 1836 635 1890 iniquitatem
666 1835 817 1877 iudicis
849 1834 975 1876 iudex
1008 1835 1116 1876 alius
1150 1835 1397 1890 cogebatur,

47 1898 121 1937 aut
140 1895 266 1936 finxit
291 1898 484 1936 uetustas
506 1897 580 1937 aut
600 1895 705 1936 olim
723 1896 898 1948 recepta
917 1893 1177 1935 consuetudo
1200 1894 1395 1936 cessauit.

46 1953 114 1995 83.
145 1954 326 1995 militari
359 1954 478 1995 cultu
510 1968 558 1995 ac
598 1953 826 2007 disciplina
856 1952 1149 2007 proludiisque
1182 1953 1395 1994 continuis

43 2013 107 2053 rei
140 2015 327 2054 castren
335 2012 370 2053 's
404 2015 446 2053 et
465 2016 727 2065 armaturae,
759 2026 888 2066 quam
908 2026 1034 2066 saepe
1054 2010 1394 2066 formidauimus,

135 2097 155 2127 8
195 2093 369 2127 standum
404 2093 534 2137 ingens
576 2091 643 2126 VP
761 2095 800 2125 11
839 2092 986 2126 artuum
1028 2090 1099 2125 GA
1135 2090 1270 2124 artium
1304 2090 1394 2126 VPb

45 2140 87 2171 16
116 2137 271 2182 plebeos
312 2136 347 2170 V
445 2141 487 2171 21
523 2137 718 2181 prostratis
754 2135 858 2170 VAP
892 2135 1069 2180 prostrati
1111 2135 1154 2180 by
1188 2135 1393 2179 prostrictis

43 2182 177 2225 Haupt
252 2186 294 2216 27
324 2181 448 2216 rident
473 2182 537 2226 bya
562 2181 695 2216 radent
723 2180 791 2215 VP
867 2184 910 2215 29
936 2180 1167 2224 supersidere
1199 2179 1243 2213 1⁷1
1267 2191 1392 2224 super-

42 2227 173 2261 sedere
208 2226 292 2261 V2P
384 2231 427 2262 30
458 2226 663 2277 cogebatur
693 2226 759 2270 hya
791 2225 1027 2271 cogitabatur
1056 2225 1122 2259 VP
1220 2228 1262 2259 32
1286 2235 1392 2269 prae-

41 2271 227 2316 ludiisque
271 2271 304 2306 G
343 2255 608 2316 prolaudisque
645 2271 756 2306 VPba
873 2274 915 2304 33
954 2269 1237 2304 formidauimus
1262 2270 1395 2314 seripse-

41 2315 283 2351 formauimus
307 2316 411 2351 codd

113 2381 273 2405 Aunuxv
276 2387 290 2406 s
311 2381 553 2406 MARCELLmvs.

1136 2376 1177 2406 {22
