1573 2508
133 68 217 110 262
670 65 755 101 XXI
780 70 834 109 16,
863 69 993 101 12—19

134 162 272 203 iustus
306 161 608 202 aestimaretur
639 162 683 201 et
715 159 915 202 clemens.
964 162 1008 202 et
1038 162 1262 215 tamquam
1281 174 1331 202 ex
1363 159 1483 202 arida

135 220 248 261 silua
279 219 475 261 uolantes
508 218 722 260 scintillae
754 218 860 260 flatu
892 218 979 260 leni
1011 222 1238 260 uentorum
1270 218 1322 260 ad
1347 233 1481 274 usque

135 278 385 319 discrimina
416 277 610 318 uicorum
643 277 881 331 agrestium
921 276 1146 318 incohibili
1178 292 1305 319 cursu
1335 291 1483 331 perue-

133 338 275 389 niunt,
319 337 382 377 ita
426 336 499 377 ille
545 350 712 390 quoque
757 351 807 377 ex
851 336 1042 377 minimis
1087 336 1226 377 causis
1269 336 1482 378 malorum

134 394 358 449 congeries
405 395 635 448 excitabat,
678 393 814 436 Marci
856 394 974 436 illius
1005 394 1230 435 dissimilis
1274 394 1518 449 principiss

132 453 380 507 uerecundi,
431 454 504 508 qui
549 468 644 495 cum
689 453 741 494 ad
786 453 1010 508 imperiale
1056 452 1226 494 culmen
1268 453 1315 494 111
1358 451 1483 507 Syria

132 512 306 553 Cassius
340 512 608 565 surrexisset,
641 512 923 566 epistularum
955 512 1117 553 fascem
1149 512 1202 553 ab
1224 526 1274 553 eo
1307 511 1360 553 ad
1388 525 1484 554 con-

133 571 243 612 scios
276 571 468 625 missum,
499 571 717 624 perlatore
738 574 863 625 capto
896 571 980 612 sibi
1001 571 1195 612 oblatum
1215 570 1315 612 ilico
1342 570 1484 625 signa-

131 632 225 670 tum
264 630 381 670 exuri
419 630 648 683 praecepit,
688 643 821 684 agens
860 629 997 671 adhuc
1035 629 1080 670 in
1111 628 1300 683 Illyrico,
1336 644 1389 670 ne
1422 629 1483 670 in·
1561 668 1571 689 A:

132 688 412 729 sidiatoribus
452 688 639 742 cognitis
678 689 840 729 inuitus
880 688 1087 742 quosdam
1130 688 1290 729 habere
1334 690 1482 742 posset
1503 700 1567 728 1ο«Ι

133 746 331 787 offensos.
397 747 460 787 12.
494 750 624 801 utque
656 750 774 788 recte
819 747 1054 788 sentientes
1095 746 1268 801 quidam
1301 746 1482 788 arbitra·
1560 739 1569 759 ²

131 805 302 858 bantur,
334 805 509 846 uirtutis
544 808 636 847 erat
667 806 812 859 potius
844 805 1048 847 indicium
1075 819 1268 859 magnae,
1300 804 1482 859 imperio

132 864 312 904 eundem
346 862 647 905 Constantium
690 865 780 905 sine
823 879 970 905 cruore
1013 863 1191 905 cessisse
1224 878 1352 919 quam
1393 864 1483 905 uin·

132 922 296 963 dicasse
329 925 420 963 tam
453 923 744 964 inclementer.
791 923 856 964 13.
889 926 937 964 ut
969 922 1138 964 Tullius
1172 937 1339 977 quoque
1359 922 1484 964 docet

132 980 402 1022 crudelitatis
436 981 659 1035 increpans
681 980 908 1023 Caesarem
928 982 972 1023 in
993 981 1175 1036 quadam
1196 981 1248 1022 ad
1268 980 1483 1035 Nepotem
1503 993 1550 1030 15,

132 1039 335 1093 epistula:
368 1039 517 1093 ‘neque
550 1040 664 1081 enim
698 1041 926 1094 quicquam
959 1040 1076 1081 aliud
1109 1043 1174 1081 est
1193 1039 1390 1081 felicitas’
1423 1039 1483 1080 111-

133 1098 225 1152 quit
257 1097 353 1139 ‘nisi
385 1097 665 1139 honestarum
699 1113 842 1140 rerum
874 1099 1153 1152 prosperitas.
1215 1098 1285 1140 uel
1317 1101 1365 1140 ut
1397 1097 1483 1139 alio

132 1156 258 1197 modo
292 1155 511 1198 definiam:
543 1157 729 1198 felicitas
764 1161 829 1198 est
861 1158 1035 1198 fortuna
1068 1157 1255 1198 adiutrix
1287 1156 1483 1198 consilio-

131 1230 228 1256 rum
259 1215 483 1269 bonorum,
516 1216 672 1269 quibus
706 1216 779 1270 qui
811 1230 899 1256 non
928 1216 1080 1269 utitur,
1113 1215 1218 1256 felix
1239 1230 1330 1257 esse
1361 1214 1482 1256 nullo
1500 1251 1513 1257 -

132 1276 260 1327 pacto
291 1275 447 1327 potest.
493 1287 595 1328 ergo
629 1274 673 1314 in
704 1275 885 1328 perditis
907 1274 1136 1328 impiisque
1157 1274 1362 1327 consiliis,
1395 1273 1483 1328 qui·
1503 1288 1537 1314 20

132 1332 212 1373 bus
246 1330 404 1373 Caesar
436 1347 536 1374 usus
570 1336 646 1386 est,
678 1333 799 1374 nulla
828 1333 972 1387 potuit
1005 1348 1095 1374 esse
1133 1332 1332 1374 felicitas.
1392 1332 1484 1373 feli-

133 1390 305 1444 ciorque
339 1405 434 1432 meo
467 1391 625 1432 iudicio
659 1390 870 1433 Camillus
904 1392 1082 1432 exulans
1116 1406 1244 1446 quam
1282 1390 1484 1445 tempori-

132 1449 212 1490 bus
246 1449 382 1490 isdem
414 1449 615 1503 Manlius,
648 1451 780 1492 etiam
813 1451 848 1491 si
881 1475 936 1479 —
970 1450 1013 1491 id
1052 1450 1164 1505 quod
1202 1450 1395 1504 cupierat
1428 1473 1482 1479 —

138 1521 314 1561 regnare
346 1509 582 1562 potuisset.⁷
638 1510 702 1550 14.
734 1509 776 1550 id
796 1509 1010 1563 Ephesius
1045 1522 1211 1563 quoque
1236 1507 1482 1550 Heraclitus

123 1566 334 1607 ‘adserens
380 1570 528 1608 monet
573 1571 615 1608 et
655 1569 707 1608 ab
753 1567 964 1608 inertibus
999 1570 1041 1608 et
1079 1567 1261 1621 ignauis,
1305 1569 1482 1608 euentus
1502 1579 1536 1606 25

132 1625 329 1666 uariante
375 1625 571 1679 fortuna,
618 1629 840 1679 superatos
885 1626 1147 1680 aliquotiens
1191 1626 1308 1667 uiros
1352 1626 1483 1668 fuisse

134 1686 425 1737 praestantes:
465 1684 574 1725 illud
606 1699 708 1725 uero
741 1685 927 1726 eminere
968 1685 1080 1725 inter
1111 1685 1363 1739 praecipuas
1396 1685 1484 1726 lau-

133 1742 220 1797 des,
253 1757 348 1784 cum
380 1745 573 1796 potestas
614 1744 657 1783 in
689 1743 837 1797 gradu,
879 1743 999 1784 uelut
1040 1744 1118 1784 sub
1161 1744 1310 1797 iugum
1350 1744 1484 1785 missa

132 1801 312 1842 nocendi
346 1801 566 1843 saeuiendi
599 1802 834 1856 cupiditate
867 1805 910 1843 et
941 1802 1169 1854 irascendi,
1208 1802 1252 1843 in
1289 1816 1383 1844 arce
1423 1802 1484 1843 ui-

133 1860 265 1901 ctoris
299 1860 431 1901 animi
463 1863 688 1914 tropaeum
722 1861 904 1902 erexerit
937 1860 1186 1915 gloriosum.
1501 1872 1536 1898 ³⁰

226 2076 239 2105 1
270 2072 387 2106 iustus
416 2071 449 2105 G
474 2071 589 2106 iusius
619 2072 653 2106 V
675 2073 730 2106 ius
754 2073 791 2107 P
815 2073 897 2117 pius
922 2073 966 2107 ba
990 2074 1060 2118 ius]
1080 2073 1136 2107 ius
1163 2073 1423 2108 aestimaretur
1440 2093 1468 2099 —

133 2116 239 2150 arida
263 2117 349 2150 add.
383 2116 436 2149 Vm
474 2127 528 2150 >ro
554 2117 660 2152 arida
683 2118 767 2160 sort.
787 2128 853 2154 scr.
871 2119 999 2153 arente
1046 2122 1067 2152 2
1084 2118 1261 2152 uitiorum
1279 2117 1481 2164 egrestium

139 2160 206 2195 VP
255 2165 272 2195 7
289 2161 433 2211 Cassius
451 2126 484 2195 ἆ
503 2162 641 2196 cassius
664 2161 732 2196 VP
777 2167 797 2197 8
823 2164 932 2207 capto
953 2163 985 2197 G
1003 2173 1046 2197 ca
1072 2163 1129 2197 tas
1153 2162 1219 2197 VP
1267 2166 1307 2198 12
1324 2173 1481 2214 magnae

132 2205 200 2256 bya
224 2216 350 2250 magni
382 2205 447 2239 VP
541 2210 581 2241 13
607 2207 857 2242 constantium
889 2207 926 2241 P
955 2217 1047 2242 cono
1116 2207 1210 2241 tium
1245 2206 1280 2241 V
1305 2208 1482 2242 comitan-

132 2251 228 2284 tium
252 2251 338 2294 rbya
367 2254 406 2284 16
430 2261 467 2293 p.
498 2253 578 2293 963,
604 2254 650 2285 21
681 2262 755 2296 sqq.
786 2252 842 2287 ed.
875 2252 1008 2286 Baiter
1038 2255 1070 2286 et
1101 2251 1216 2286 Halm
1308 2256 1349 2287 19
1378 2251 1481 2287 nullo

133 2295 245 2339 pacto
277 2305 355 2328 csse
381 2298 560 2338 transpos.
584 2296 686 2339 qua
752 2299 818 2330 ⁸21
846 2298 902 2332 est
931 2296 964 2330 V
985 2298 1065 2331 erat
1088 2296 1190 2341 Pbya
1253 2299 1295 2330 23
1322 2295 1481 2332 Manlius

135 2339 170 2374 G
200 2338 347 2374 mallius
379 2338 490 2374 VPba
584 2342 654 2374 ‘30
679 2343 850 2385 tropeum
881 2341 924 2376 V¹
950 2341 1148 2386 tropheum
1178 2339 1262 2376 V‘P
