1614 2549
364 91 702 129 CONSTANTIVS
725 92 787 127 ΕΤ
813 92 1045 128 IVLIANVS
1070 98 1136 130 358
1347 96 1428 136 143

79 189 306 230 sublimior
355 187 620 241 militarique
671 202 879 229 consensu
930 189 1113 230 secundo
1158 188 1425 232 Sarmaticus

78 247 321 302 appellatus
354 260 404 287 ex
436 247 648 287 uocabulo
682 247 977 301 subactorum,
1015 247 1186 302 iamque
1220 248 1427 290 discessu-

75 321 150 347 rus
195 305 441 346 conuocatis
480 304 731 347 cohortibus
769 308 812 346 et
856 306 1060 347 centuriis
1106 309 1150 348 et
1192 307 1426 361 manipulis

77 364 277 406 omnibus
309 363 501 404 tribunal
533 364 738 405 insistens
771 364 991 418 signisque
1025 365 1214 406 ambitus
1236 368 1279 407 et
1311 366 1429 420 aqui-

41 433 57 458 5
76 423 130 464 lis
169 424 213 463 et
250 422 422 476 agmine
454 422 761 476 multiplicium
792 425 1058 475 potestatum
1090 423 1159 465 his
1192 425 1428 466 exercitum

77 481 300 522 adlocutus
333 484 410 533 est,
442 495 514 522 ore
546 481 738 522 omnium
769 481 1036 536 fauorabilis,
1067 485 1116 523 ut
1148 483 1337 524 solebat:

154 541 222 581 26.
235 539 460 581 ‘Hortatur
470 540 710 581 recordatio
722 554 865 580 rerum
877 540 1064 594 gloriose
1077 544 1297 595 gestarum
1310 542 1428 582 omni

76 598 341 640 iucunditate
373 598 478 639 uiris
511 598 697 639 fortibus
731 598 896 652 gratior
928 599 1157 640 admodum
1189 600 1429 641 uerecunde

75 658 297 711 replicare,
330 671 437 711 quae
470 657 678 698 diuinitus
712 657 855 698 delata
876 660 990 699 sorte
1022 658 1222 699 uincendi
1254 660 1297 699 et
1329 661 1429 699 ante

24 727 58 752 10
74 716 241 770 proelia
273 719 316 756 et
347 716 392 756 in
428 716 522 769 ipso
556 715 818 757 correximus
849 716 1019 758 feruore
1052 731 1313 771 pugnarum,
1345 716 1429 757 Ro-

75 789 226 816 manae
265 775 327 815 rei
365 774 564 815 fidissimi
596 774 851 816 defensores.
914 775 1015 829 quid
1054 776 1167 816 enim
1205 778 1296 817 tam
1333 776 1428 829 pul-

75 833 226 874 chrum
270 836 446 887 tamque
495 834 764 886 posteritatis
814 834 1047 875 memoriae
1097 835 1214 875 iusta
1256 834 1427 875 ratione

75 892 364 933 mandandum
385 907 514 946 quam
536 896 586 933 ut
617 893 741 934 miles
776 895 945 933 strenue
977 893 1117 946 factis,
1149 893 1299 934 ductor
1331 908 1430 946 pru-

75 951 225 992 denter
263 951 470 991 consultis
515 951 708 992 exultet?
781 951 849 992 27.
886 952 1158 1004 persultabat
1202 951 1430 1005 Illyricum

21 1019 56 1045 15
74 1009 195 1050 furor
232 1009 424 1062 hostilis,
469 1009 709 1050 absentiam
747 1013 943 1051 nostram
987 1010 1197 1051 inanitate
1240 1009 1427 1050 tumenti

75 1067 325 1122 despiciens,
358 1068 458 1108 dum
491 1067 626 1109 Italos
664 1071 883 1110 tueremur
922 1072 964 1110 et
1002 1068 1170 1122 Gallos,
1208 1069 1428 1122 uariisque

75 1126 338 1168 discursibus
369 1126 574 1168 uastabat
607 1127 768 1168 extima
799 1127 1002 1181 limitum,
1033 1142 1146 1168 nunc
1167 1127 1331 1168 cauatis
1363 1141 1431 1167 ro-

74 1185 270 1239 boribus,
310 1186 569 1240 aliquotiens
607 1199 843 1240 peragrans
886 1187 1067 1240 pedibus
1106 1186 1300 1239 flumina,
1342 1200 1432 1226 non

74 1244 376 1298 congressibus
415 1259 492 1285 nec
531 1245 662 1285 armis
701 1245 837 1286 fretus
877 1248 951 1286 aut
981 1245 1150 1286 uiribus
1190 1245 1261 1286 sed
1299 1245 1432 1285 latro-

21 1313 55 1338 20
75 1302 199 1344 ciniis
237 1303 439 1344 adsuetus
479 1304 676 1356 occultis,
724 1306 820 1344 astu
860 1307 902 1345 et
932 1304 1181 1344 ludificandi
1218 1303 1430 1344 uarietate

74 1362 162 1403 iam
194 1362 291 1403 inde
324 1362 376 1403 ab
410 1362 611 1403 instituta
643 1365 770 1416 gente
801 1362 963 1403 nostris
991 1376 1159 1416 quoque
1191 1362 1429 1403 maioribus

74 1420 351 1462 formidatus:
378 1435 485 1474 quae
517 1421 689 1475 longius
711 1421 932 1474 disparati,
965 1436 1049 1474 qua
1080 1421 1184 1461 ferri
1215 1422 1430 1474 poterant7

73 1479 267 1533 tulimus,
299 1479 483 1520 leuiores
515 1480 702 1521 iacturas
736 1479 926 1520 efficacia
946 1479 1101 1520 ducum
1134 1479 1271 1520 uetari
1302 1493 1430 1533 posse

76 1541 309 1592 sperantes.
378 1539 446 1579 28.
483 1539 558 1579 ubi
602 1553 705 1580 uero
749 1553 825 1592 per
868 1538 1088 1579 licentiam
1133 1538 1340 1579 scandens
1384 1537 1431 1578 in

21 1606 56 1632 2⁵
75 1597 214 1638 maius
248 1597 300 1638 ad
332 1597 525 1638 funestas
558 1597 876 1650 prouinciarum
910 1597 1051 1638 clades
1085 1597 1245 1651 erepsit
1277 1599 1319 1637 et
1345 1610 1432 1637 cre-

74 1656 188 1709 bras,
220 1656 494 1697 communitis
527 1657 715 1697 aditibus
747 1656 939 1697 Raeticis
970 1656 1194 1710 tutelaque
1226 1655 1433 1709 peruigili

77 1713 320 1756 Galliarum
347 1715 576 1756 securitate
608 1715 798 1767 fundata,
830 1718 995 1756 terrore
1015 1715 1136 1755 nullo
1159 1715 1311 1755 relicto
1332 1716 1433 1768 post

75 1776 200 1828 terga
231 1773 428 1814 uenimus
466 1773 512 1814 in
542 1773 808 1826 Pannonias,
844 1777 892 1814 ut
926 1774 1092 1827 placuit
1123 1773 1291 1814 numini
1325 1787 1433 1813 sem-

75 1832 257 1886 piterno,
278 1832 470 1873 labentia
489 1832 721 1873 firmaturi:
743 1832 990 1886 cunctisque
1010 1833 1187 1885 paratis,
1213 1835 1262 1873 ut
1280 1831 1432 1883 nostis,

22 1900 57 1925 30
77 1905 176 1931 uere
216 1890 362 1931 adulto
402 1891 564 1945 egressi
604 1892 867 1945 arripuimus
905 1891 1181 1945 negotiorum
1219 1889 1430 1931 maximas

77 1950 232 1990 moles:
270 1949 459 2002 primum
496 1964 549 1990 ne
589 1950 791 1990 struendo
829 1950 960 1990 textis
1001 1949 1266 2003 conpagibus
1307 1947 1433 2002 ponti

75 2008 264 2049 telorum
302 2008 494 2049 officeret
531 2008 784 2061 multitudo,
824 2022 908 2062 quo
946 2022 1076 2062 opera
1112 2007 1199 2048 leui
1240 2006 1430 2060 perfecto

76 2066 183 2108 uisis
214 2066 343 2108 terris
375 2067 608 2108 hostilibus
631 2070 673 2108 et
693 2067 882 2120 calcatis,
914 2066 1146 2107 obstinatis
1173 2066 1226 2106 ad
1246 2068 1431 2106 mortem

171 2197 187 2226 1
215 2194 432 2228 sarmaticos
461 2193 529 2227 VP
620 2198 640 2228 8
671 2194 814 2238 gratior
841 2193 913 2227 GA
944 2193 1108 2237 gratiore
1145 2192 1234 2226 VPb
1326 2201 1431 2225 uere-

79 2238 236 2272 cundiae
266 2238 334 2272 VP
426 2243 466 2272 12
491 2238 695 2272 memoriae
723 2237 756 2272 G
786 2238 968 2272 memoria
997 2237 1110 2272 VPba
1203 2238 1272 2271 *14-
1302 2246 1431 2270 consu-

78 2282 124 2316 lis
153 2283 187 2315 V
263 2283 504 2328 persulcabat
531 2283 565 2317 V
665 2288 700 2317 17
725 2293 896 2326 nuncque
923 2283 1065 2316 canatis
1090 2282 1126 2316 A
1150 2293 1292 2326 nuncq;
1318 2290 1432 2314 naua-

77 2327 126 2361 tis
155 2327 226 2406 Vf7
280 2332 322 2363 28
346 2329 391 2362 ut
416 2328 450 2362 G
473 2339 539 2362 om.
566 2328 668 2364 codd.
733 2328 877 2363 numini
903 2327 937 2362 G-
962 2327 1115 2362 nomine
1143 2327 1246 2362 codd.
1300 2329 1342 2359 29
1367 2335 1431 2358 no-

79 2372 163 2406 stris
223 2373 281 2407 Pb
