1614 2549
516 64 852 100 CONSTANTws
877 68 942 100 355
1357 67 1413 110 53

63 175 235 203 casuum
279 164 442 201 motum
487 168 643 200 euentu
687 158 815 200 celeri
855 159 1169 200 consummauit
1211 160 1413 214 inpendio

61 219 351 261 formidatum.
374 219 412 259 2.
433 232 528 259 cum
548 218 750 259 diuturna
767 218 931 258 incuria
945 216 1111 259 Galliae
1132 218 1279 260 caedes
1301 233 1414 260 acer-

61 278 138 320 bas
159 278 415 332 rapinasque
443 280 486 318 et
516 275 712 318 incendia
742 276 937 318 barbaris
970 276 1149 317 licenter
1181 278 1414 331 grassanti-

62 337 141 378 bus
174 336 292 377 nullo
325 337 500 377 iuuante
531 335 784 389 perferrent,
823 333 1022 376 Siluanus
1060 335 1271 389 pedestris
1303 336 1414 377 mili—

21 416 42 447 45
61 395 147 436 tiae
167 400 308 436 rector
327 400 374 436 ut
401 394 551 436 efficax
572 394 625 435 ad
656 393 761 435 haec
785 394 1038 448 corrigenda
1069 395 1274 448 principis
1295 395 1414 437 iussu

61 455 248 507 perrexit
281 454 519 494 Arbetione
559 453 601 493 id
632 453 841 494 maturari
878 452 1016 493 modis
1050 452 1203 506 quibus
1241 456 1415 507 poterat

63 512 279 566 adigente,
322 516 370 554 ut
415 512 583 553 absenti
628 511 796 552 aemulo
842 525 967 565 quem
1013 525 1233 565 superesse
1278 512 1415 554 adhuc

63 583 139 625 gra
155 604 305 612 .......

180 630 218 671 3.
241 662 435 671 .........
455 628 693 682 Dynamius
711 629 881 681 qnidam
901 629 1116 670 actuarius
1138 629 1414 671 sarcinalium

10 708 44 734 10
61 688 266 743 principis
305 689 594 730 iumentorum
634 687 1011 729 commendaticias
1051 688 1102 729 ab
1143 703 1191 729 eo
1230 689 1416 742 petierat

62 747 230 789 litteras
273 747 325 788 ad
367 748 526 789 amicos
568 752 614 788 ut
648 747 769 801 quasi
812 746 1038 788 familiaris
1072 747 1260 788 eiusdem
1302 751 1417 788 esset

60 806 325 847 notissimus.
388 806 467 847 hoc
506 806 742 859 inpetrato,
787 820 881 846 cum
921 805 996 846 ille
1037 805 1147 847 nihil
1193 807 1416 860 suspicans

62 865 317 918 simpliciter
355 865 658 919 praestitisset,
698 864 900 905 seruabat
941 864 1148 918 epistulas
1190 868 1238 906 ut
1276 865 1416 919 perni-

61 924 222 965 ciosum
243 924 404 978 aliquid
424 924 469 964 in
489 928 683 977 tempore
703 923 938 964 moliretur.
959 924 999 964 4.
1013 926 1249 964 memorato
1269 924 1415 978 itaque

9 1001 42 1027 15
63 981 165 1023 duce
207 982 372 1024 Gallias
415 997 464 1023 ex
510 997 554 1023 re
598 982 770 1036 publica
812 982 1078 1023 discursante
1121 982 1415 1037 barbarosque

60 1041 328 1095 propellente
361 1041 447 1083 iam
468 1041 551 1082 sibi
571 1041 813 1082 diffidentes
835 1045 877 1082 et
896 1040 1160 1094 trepidantes
1192 1041 1306 1082 idem
1330 1041 1416 1095 Dy-

60 1099 227 1141 namius
269 1100 504 1155 inquietius
546 1113 678 1154 agens
720 1103 767 1140 ut
808 1102 1006 1141 uersutus
1051 1102 1093 1141 et-
1135 1100 1180 1140 in
1223 1099 1414 1141 fallendo

63 1159 320 1200 exercitatus
352 1159 545 1200 fraudem
567 1158 906 1200 comminiscitur
937 1158 1099 1212 inpiam
1132 1159 1416 1200 subornatore

64 1221 106 1257 et
126 1218 308 1271 conscio,
340 1221 388 1259 ut
406 1218 620 1259 iactauere
641 1231 830 1258 rumores
851 1217 1017 1272 incerti,
1035 1216 1272 1271 Lampadio
1296 1232 1416 1271 prae-

10 1296 44 1320 20
63 1275 176 1317 fecto
208 1276 438 1330 praetorio,
471 1280 514 1317 et
532 1276 720 1317 Eusebio
749 1290 799 1317 ex
831 1276 987 1317 comite
1019 1277 1080 1317 rei
1111 1276 1317 1330 priuatae,
1349 1276 1417 1317 cui

64 1340 397 1389 cognomentum
418 1339 510 1376 erat
533 1335 715 1376 inditum
734 1334 1051 1389 Mattyocopae,
1084 1338 1211 1389 atque
1230 1334 1415 1376 Aedesio

64 1407 114 1434 ex
146 1394 355 1448 magistro
389 1394 634 1447 memoriae,
667 1408 771 1447 quos
805 1393 858 1434 ad
885 1393 1156 1434 consulatum
1187 1397 1235 1434 ut
1255 1394 1415 1435 amicos

61 1452 353 1494 iunctissimos
391 1453 505 1493 idem
543 1455 713 1494 curarat
750 1452 896 1506 rogari
934 1451 1190 1507 praefectus,
1227 1455 1269 1494 et
1300 1453 1416 1506 peni-

63 1511 158 1552 culo
197 1511 305 1552 serie
343 1511 586 1553 litterarum
625 1511 833 1564 abstersa,
878 1511 971 1552 sola
1014 1511 1219 1552 incolumi
1261 1511 1416 1552 relicta

9 1587 44 1614 25
64 1569 378 1624 subscriptione
412 1570 522 1612 alter
555 1570 738 1611 multum
771 1585 795 1611 a
827 1584 929 1611 uero
968 1570 1046 1611 illo
1085 1570 1311 1612 dissonans
1352 1584 1416 1611 su-

62 1628 344 1682 perscribitur
375 1632 538 1670 textus:
571 1629 691 1670 uelut
713 1627 887 1670 Siluano
921 1632 1103 1683 rogante
1136 1629 1278 1670 uerbis
1312 1629 1418 1670 obli-

65 1687 159 1741 quis
199 1686 484 1742 hortanteque
524 1688 684 1729 amicos
724 1690 901 1742 agentes
939 1688 1055 1729 intra
1086 1687 1310 1742 palatium,
1346 1687 1417 1729 uel

63 1746 257 1799 priuatos
290 1771 344 1775 —
378 1747 491 1788 inter
512 1760 618 1801 quos
652 1749 695 1787 et
716 1745 879 1788 Tuscus
913 1750 1008 1788 erat
1027 1746 1227 1801 Albinus,
1258 1747 1417 1800 aliique
1454 1797 1462 1806 ,

62 1804 207 1858 plures
240 1829 294 1834 —
328 1810 375 1846 ut
408 1820 452 1846 se
485 1805 641 1846 altiora
663 1808 932 1859 coeptantem
966 1808 1009 1846 et
1038 1820 1172 1859 prope
1192 1806 1306 1846 diem
1331 1805 1417 1846 loci

0 1880 45 1918 ¹³0
63 1863 313 1917 principalis
342 1864 556 1906 aditurum
572 1896 686 1905 .......
726 1864 764 1905 5.
789 1863 916 1905 Hunc
935 1863 1096 1906 fascem
1117 1864 1168 1905 ad
1190 1864 1416 1906 arbitrium

155 2087 176 2117 5
206 2084 262 2133 ut]
301 2083 340 2117 id
370 2083 437 2118 VP
470 2088 509 2118 et
544 2085 609 2128 δρα
703 2083 882 2128 principis
913 2083 1014 2118 iussu
1050 2085 1216 2128 perrexit
1250 2084 1418 2120 Valesius

91 2127 228 2161 timum
250 2129 367 2172 ipsius
391 2129 602 2173 superrexit
626 2129 770 2173 (-reixit
792 2129 842 2173 P)
873 2128 940 2163 VP
1021 2133 1041 2164 8
1067 2140 1134 2174 gra
1158 2130 1236 2173 [Zac.
1262 2133 1283 2164 3
1307 2130 1415 2174 uer-sn]

99 2171 137 2207 P
160 2172 390 2217 grauabatur
410 2173 641 2218 periculosae
665 2173 774 2207 molis
800 2183 892 2208 onus
916 2173 1144 2219 impingeret
1160 2175 1228 2219 bya
1251 2185 1321 2219 seq.
1346 2175 1415 2211 zac.

64 2220 85 2251 3
117 2216 187 2252 litt.
223 2216 257 2251 G
288 2222 308 2252 3
338 2228 432 2253 uers.
456 2219 492 2251 A
584 2222 604 2253 9
634 2217 841 2262 Dynamius
872 2218 1023 2262 quidam
1055 2219 1213 2254 inseruit
1250 2219 1417 2255 Valesius

64 2262 131 2296 *18
156 2261 405 2296 οὃ111111180117111
433 2261 501 2297 VP
585 2267 628 2298 20
652 2263 840 2308 praetorio
864 2263 901 2298 P
923 2263 1172 2307 praefectorio
1202 2263 1235 2298 V
1256 2274 1321 2299 om.
1348 2265 1416 2309 hya

65 2309 106 2340 21
131 2307 397 2351 ματτυοκόπης
419 2306 621 2353 Wesseli‘ny
645 2307 871 2343 matffiocobe
894 2307 962 2342 VP
1007 2312 1050 2343 27
1073 2308 1323 2353 hortanteque
1348 2310 1415 2353 byca

65 2350 284 2396 ortanteque
314 2351 382 2386 VP
474 2356 517 2387 30
541 2352 730 2387 aditurum
754 2352 929 2388 iuuarent
955 2352 1025 2388 GA
