1614 2549
568 115 800 154 IVLIANVS
825 122 891 156 362
1327 106 1331 108 ’
1352 129 1434 171 291

86 220 209 250 mans
240 211 468 263 pertinere.
533 214 599 256 10.
631 229 713 270 quo
751 230 839 258 non
871 220 1074 261 contenta
1103 221 1338 265 multitudo
1375 224 1438 265 in-

85 268 223 309 manis
244 268 455 313 dilaniata
475 273 683 316 cadauera
707 279 1029 330 peremptorum
1049 280 1225 322 camelis
1245 281 1438 336 inposita

83 326 203 367 uexit
234 327 287 369 ad
319 328 423 372 litus
456 331 676 388 isdemque
710 335 882 377 subdito
915 336 1015 391 igne
1036 340 1235 382 crematis
1269 341 1434 384 cineres

80 385 265 438 proiecit
296 387 340 429 in
371 403 490 431 mare
521 391 565 432 id
596 395 805 448 metuens,
836 397 883 435 ‘ut
901 395 1130 452 clamabat,
1161 413 1214 440 ne
1241 400 1434 443 collectis

47 453 63 480 5
83 446 294 498 supremis
315 448 437 490 aedes
458 450 547 492 illis
569 454 866 494 extruerentur
886 457 933 496 ut
952 455 1143 511 reliquis,
1169 459 1243 513 qui
1263 460 1434 502 deuiare

82 516 107 543 a
143 504 354 559 religione
393 510 588 563 conpulsi
624 512 840 564 pertulere
880 515 1134 557 cruciabiles
1170 532 1342 574 poenas,
1381 520 1433 561 ad

80 576 215 617 usque
247 565 484 619 gloriosam
504 572 687 611 mortem
719 571 976 614 intemerata
1008 574 1091 616 fide
1122 578 1355 633 progressi,
1389 582 1432 620 et

79 634 191 663 nime
223 627 435 679 martyres
469 628 754 682 appellantur.

197 680 489 740 Poterantque
528 688 762 730 miserandi
799 690 995 732 homines
1035 692 1088 733 ad
1127 694 1296 736 crudele
1336 711 1431 751 sup-

25 749 58 774 10
77 737 257 792 plicium
301 742 417 785 ducti
462 745 797 790 christianorum
848 749 1094 793 adiumento
1140 753 1334 810 defendi,
1384 756 1430 798 ni

78 796 257 854 Georgii
301 802 398 844 odio
444 818 592 847 omnes
636 807 866 850 indiscrete
910 808 1167 864 flagrabant.
1238 814 1303 854 11.
1347 813 1430 856 hoc

77 862 295 912 comperto
328 862 562 917 imperator
595 865 647 906 ad
678 867 981 910 uindicandum
1005 868 1171 912 facinus
1196 871 1429 914 nefandum

76 922 254 974 erectus,
293 920 464 977 iamque
504 925 771 978 expetiturus
808 941 968 980 poenas
1002 942 1026 968 a
1057 929 1198 971 noxiis
1235 931 1427 987 ultimas,

74 977 300 1032 mitigatus
345 984 411 1022 est
453 981 714 1025 lenientibus
752 986 980 1040 proximis,
1024 988 1244 1043 missoque
1284 990 1423 1033 edicto

20 1044 54 1070 15
75 1036 163 1077 acri
201 1039 395 1081 oratione
436 1041 574 1083 scelus
614 1042 912 1086 detestabatur
944 1045 1197 1101 admissum,
1235 1049 1425 1092 minatus

74 1097 277 1151 extrema,
310 1098 347 1139 si
379 1099 529 1141 deinde
561 1104 822 1156 temptatum
854 1104 985 1146 fuerit
1023 1106 1187 1160 aliquid
1220 1109 1332 1162 quod
1364 1109 1425 1152 iu-

72 1154 195 1196 stitia
225 1159 345 1198 uetet
378 1161 420 1199 et
453 1159 583 1214 leges.

193 1212 264 1256 12.
300 1217 335 1257 1.
368 1216 488 1259 Inter
519 1218 624 1261 haec
652 1221 969 1274 expeditionem
999 1237 1157 1276 parans
1190 1225 1424 1283 inPersas,

72 1287 199 1327 quam
233 1274 390 1317 dudum
422 1278 555 1319 animi
587 1279 743 1320 robore
777 1285 1031 1336 conceperat
1064 1283 1191 1338 celso,
1223 1284 1276 1326 ad
1295 1285 1422 1328 ultio-

17 1339 51 1366 20
70 1346 168 1373 nem
211 1335 546 1388 praeteritorum
590 1337 868 1381 uehementer
914 1340 1051 1382 elatus
1085 1345 1162 1397 est,
1207 1343 1345 1385 sciens
1379 1347 1423 1386 et

70 1391 246 1434 audiens
267 1397 441 1448 gentem
468 1397 749 1450 asperrimam
780 1413 856 1452 per
878 1400 1101 1454 sexaginta
1128 1401 1264 1443 ferme
1286 1417 1422 1446 annos

68 1450 275 1493 inussisse
314 1453 471 1496 orienti
513 1455 688 1497 caedum
728 1460 770 1498 et
809 1458 1100 1512 direptionum
1143 1465 1422 1504 monumenta

68 1510 330 1565 saeuissima,
364 1513 417 1554 ad
448 1514 788 1557 internecionem
810 1518 1069 1560 exercitibus
1095 1520 1257 1561 nostris
1291 1536 1418 1576 saepe

67 1566 234 1611 deletis.
297 1571 335 1611 2.
368 1572 574 1614 urebatur
596 1577 740 1616 autem
773 1575 965 1617 bellandi
997 1578 1171 1631 gemino
1193 1579 1418 1636 desiderio,

12 1634 47 1661 2⁵
64 1628 205 1681 primo
239 1630 352 1684 quod
383 1631 599 1685 inpatiens
621 1633 701 1674 otii
734 1634 865 1676 lituos
900 1636 1145 1679 somniabat
1166 1640 1210 1679 et
1239 1639 1419 1694 proelia,

66 1686 164 1727 dein
184 1689 297 1742 quod
317 1689 362 1730 in
382 1691 538 1732 aetatis
559 1691 663 1733 flore
683 1693 907 1747 primaeuo
929 1695 1123 1737 obiectus
1144 1697 1418 1740 efferatarum

65 1746 261 1800 gentium
282 1749 432 1803 armis,
462 1750 752 1793 recalentibus
780 1754 912 1794 etiam
932 1756 1025 1795 tum
1044 1768 1198 1809 regum
1217 1757 1416 1811 precibus

65 1808 107 1845 et
150 1807 374 1861 regalium,
420 1809 492 1863 qui
536 1810 651 1850 uinci
694 1811 834 1865 magis
866 1827 992 1866 posse
1038 1828 1167 1868 quam
1201 1815 1415 1870 supplices

63 1878 215 1906 manus
264 1867 439 1908 tendere
492 1868 798 1925 credebantur,
849 1872 1113 1913 ornamentis
1164 1873 1416 1916 inlustrium

9 1929 44 1956 ³0
64 1922 302 1977 gloriarum
333 1926 520 1968 inserere
554 1927 749 1970 Parthici
782 1934 1115 1984 cognomentum
1148 1932 1337 1974 ardebat.

181 1983 220 2024 3.
253 1983 371 2033 Quae
404 1986 603 2027 maximis
636 1988 824 2029 molibus
856 1988 1055 2031 festinari
1087 1994 1309 2033 cernentes
1342 1993 1415 2035 ob-

60 2043 317 2085 trectatores
350 2044 516 2086 desides
550 2049 593 2087 et
625 2047 820 2101 maligni,
858 2049 983 2089 unius
1017 2050 1208 2104 corporis
1246 2065 1414 2106 permu-

60 2101 225 2142 tatione
270 2105 338 2144 tot
377 2104 480 2145 cieri
523 2105 674 2147 turbas
718 2106 1060 2163 intempestiuas,
1103 2109 1330 2165 indignum
1369 2114 1413 2153 et

150 2231 170 2262 3
194 2227 293 2263 latus
323 2229 391 2264 VP
413 2230 515 2265 lacus
540 2232 627 2277 rbya
720 2237 740 2267 4
770 2235 814 2268 ut
837 2233 924 2268 add.
957 2234 990 2270 G
1025 2245 1091 2271 om.
1122 2235 1190 2271 VP
1281 2241 1300 2272 5
1326 2250 1412 2283 sup-

59 2273 221 2315 praemis
245 2274 376 2309 saedes
394 2275 461 2310 VP
510 2281 552 2311 16
576 2277 758 2328 ius-titiam
780 2278 870 2329 Vlffb
916 2283 959 2313 26
978 2279 1217 2334 efferatarum
1233 2282 1410 2333 Eyssenh.

57 2315 401 2444 Ξῗέἳῗῖνῗιίξζῇοη
425 2325 658 2411 ἱηῗιῖιέἵῗὲῗ
682 2324 1131 2404 ἔέἓὲιὲἓξῖἱξέωἶξὲἓ
1160 2327 1410 2418 Υθὲἓξὲξξὲἓῗ

72 2417 97 2440 ¹a
130 2416 239 2442 onem

1123 2475 1194 2510 19*
