1614 2549
0 51 49 97 Ἤ
387 72 730 109 coNs'rANTIvs
756 72 817 107 ET
841 71 1072 108 1vL1ANVs
1097 75 1164 107 358
1371 73 1450 116 131

218 169 257 210 3.
287 167 406 209 Inter
436 167 515 208 has
546 169 694 208 tamen
712 180 855 208 moras
876 165 1219 208 Alamannorum
1250 180 1326 207 rex
1347 165 1451 208 Suo-

100 227 262 269 marius
299 226 415 267 ultro
443 239 540 267 cum
572 226 660 266 suis
692 225 936 279 inprouisus
969 225 1167 278 occurrit,
1197 224 1319 266 ferox
1351 228 1451 266 ante

102 285 380 339 saeuiensque
413 284 459 325 in
477 283 633 325 damna
651 283 851 326 Romana
882 284 956 324 sed
987 286 1082 325 tum
1113 283 1281 325 lucrum
1308 283 1452 325 existi-

100 358 221 386 mans
253 343 532 398 insperatum,
565 343 602 384 si
620 343 798 398 propria
817 343 1004 383 retinere
1023 342 1359 396 permitteretur.
1409 344 1454 383 et

65 419 82 444 5
102 403 203 457 quia
221 402 369 444 uultus
402 402 678 456 incessusque
710 401 945 455 supplicem
966 401 1196 454 indicabat,
1229 403 1453 454 susceptus

101 461 299 515 bonoque
339 461 482 502 animo
523 475 614 502 esse
652 461 793 502 iussus
827 462 869 501 et
909 459 1096 513 placido,
1126 459 1239 500 nihil
1271 459 1452 500 arbitrio

103 535 180 562 suo
211 520 457 575 relinquens
489 534 640 574 pacem
681 519 864 573 genibus
895 518 1084 559 curuatis
1126 517 1279 559 orauit.
1340 518 1379 558 4.
1412 520 1455 559 et

103 593 198 621 eam
238 593 334 620 cum
373 578 644 621 concessione
683 577 1017 632 praeteritorum
1056 576 1134 618 sub
1177 575 1258 617 hac
1295 576 1455 618 meruit

0 686 1 691 ¹
104 638 212 692 lege,
242 641 292 679 ut
324 638 518 692 captiuos
551 637 748 678 redderet
766 638 940 678 nostros
974 639 1034 690 et,
1066 635 1265 690 quotiens
1299 635 1356 676 sit
1386 649 1456 676 ne-

0 727 1 736 ,
49 713 83 738 10
103 710 230 750 cesse,
261 696 476 738 militibus
499 696 706 738 alimenta
723 696 961 750 praeberet,
983 697 1281 748 susceptorum
1301 693 1456 735 uilium

0 757 1 766 ¹
103 769 222 796 more
268 755 520 796 securitates
559 755 772 809 accipiens
816 768 894 808 pro
939 753 1107 795 inlatis:
1152 767 1258 808 quas
1298 752 1333 793 si
1370 766 1458 793 non

104 813 363 855 ostendisset
400 814 446 855 in
484 816 695 868 tempore⁷
734 814 862 855 sciret
900 827 944 854 se
981 827 1129 854 rursus
1168 811 1315 853 eadem
1359 810 1458 852 fati-

105 873 305 927 gandum.

223 930 261 972 5.
282 930 405 980 Quod
436 931 499 972 ita
530 934 644 972 recte
665 931 923 984 dispositum
950 932 1015 971 est
1046 928 1342 983 inpraepedite
1364 942 1459 970 con-

51 1006 84 1031 15
102 990 281 1044 pletum.
342 989 524 1031 Hortari
555 989 727 1031 nomine
764 988 972 1044 petendus
1006 991 1099 1029 erat
1129 988 1246 1041 regis
1279 987 1458 1028 alterius

101 1061 241 1102 pagus
274 1051 317 1089 et
349 1048 451 1102 quia
481 1048 592 1089 nihil
625 1048 853 1089 uidebatur
880 1047 1026 1088 deesse
1057 1049 1229 1100 praeter
1249 1045 1460 1100 ductores,

102 1106 305 1148 Nesticae
324 1107 498 1148 tribuno
521 1106 819 1148 Scutariorum
852 1108 894 1146 et
915 1104 1186 1147 Chariettoni
1216 1104 1311 1145 uiro
1338 1103 1460 1146 forti-

103 1164 266 1206 tudinis
304 1165 440 1206 mirae
479 1166 770 1219 imperauerat
808 1163 977 1217 Caesar⁷
1017 1167 1066 1204 ut
1103 1176 1263 1217 magna
1295 1162 1461 1217 quaesi-

103 1226 198 1265 tum
217 1223 431 1264 industria
451 1224 875 1277 conprehensumque
897 1222 1099 1263 offerrent
1119 1222 1202 1263 sibi
1227 1221 1460 1276 captiuum,

51 1300 85 1325 20
105 1285 149 1323 et
192 1285 414 1336 correptus
452 1282 658 1323 uelociter
696 1282 944 1323 adulescens
983 1280 1152 1321 ducitur
1188 1279 1459 1321 Alamannus

104 1344 231 1395 pacto
265 1340 521 1381 obtinendae
554 1341 708 1381 salutis
740 1339 962 1393 pollicitus
995 1339 1153 1380 itinera
1185 1353 1229 1379 se
1249 1341 1460 1380 monstra-

104 1414 214 1440 rum.
275 1399 313 1440 6.
357 1399 439 1440 hoc
481 1412 713 1452 progresso
760 1401 930 1439 secutus
982 1398 1193 1438 exercitus
1245 1397 1459 1438 celsarum

105 1458 308 1499 arborum
347 1457 585 1498 obsistente
624 1457 832 1499 concaede
875 1457 937 1497 ire
976 1457 1171 1510 protinus
1216 1456 1459 1496 uetabatur.

104 1515 268 1557 Verum
304 1531 381 1569 per
420 1516 625 1557 circuitus
663 1516 818 1570 longos
857 1518 901 1556 et
932 1514 1144 1556 flexuosos
1182 1517 1360 1555 uentum
1394 1517 1460 1555 est

52 1593 85 1619 25
105 1575 279 1616 tandem
317 1575 370 1616 ad
413 1574 524 1628 loca;
565 1578 608 1616 et
645 1574 712 1615 ira
751 1574 931 1628 quisque
970 1574 1159 1627 percitus
1193 1576 1460 1614 armatorum

105 1634 260 1675 urebat
298 1646 444 1687 agros,
482 1647 638 1687 pecora
676 1633 907 1687 diripiebat
940 1635 982 1673 et
1014 1632 1228 1686 homines,
1260 1632 1460 1673 resisten-

106 1694 257 1746 tesque
291 1691 380 1733 sine
411 1692 505 1733 ulla
534 1692 800 1746 parsimonia
821 1691 1142 1732 contruncabat.
1205 1691 1242 1732 7.
1273 1690 1342 1732 his
1374 1705 1461 1731 ma-

106 1751 162 1792 lis
181 1750 404 1805 perculsus
424 1765 499 1792 rex
531 1765 628 1792 cum
648 1750 912 1803 multiplices
945 1750 1150 1804 legiones,
1181 1749 1460 1803 uicorumque

106 1809 314 1864 reliquias
354 1812 545 1851 cerneret
583 1812 850 1862 exustorum,
887 1809 1065 1850 ultimas
1098 1809 1371 1850 fortunarum
1403 1807 1460 1849 ia-

54 1887 88 1912 30
108 1870 251 1910 cturas
291 1868 437 1909 adesse
482 1869 568 1909 iam
607 1868 922 1921 contemplatus
968 1867 1110 1908 orauit
1153 1867 1245 1920 ipse
1291 1880 1460 1920 quoque

107 1927 291 1980 ueniam,
329 1926 545 1968 facturum
597 1941 640 1967 se
676 1926 928 1980 imperanda
964 1926 1132 1967 iurandi
1169 1924 1460 1966 exsecratione

107 1985 335 2026 restituere
373 1986 597 2027 uniuersos
635 1985 854 2039 promisit:
897 1984 940 2025 id
972 1985 1086 2025 enim
1119 1998 1221 2025 cura
1253 1983 1462 2037 agebatur

202 2139 219 2169 1
247 2134 461 2169 Suomarius
489 2134 559 2169 ΘΑ
585 2134 791 2169 sumoarius
821 2134 910 2168 VPb
979 2138 999 2168 3
1026 2134 1180 2168 damnas
1200 2133 1268 2169 VP
1338 2137 1355 2167 7
1382 2144 1460 2168 ora-

107 2180 166 2214 bit
193 2180 262 2214 VP
286 2179 418 2214 orabat
442 2180 508 2224 hya
566 2181 633 2213 *12
653 2180 784 2213 eadem
800 2179 976 2223 Eyssenh.
996 2189 1040 2213 ea
1057 2179 1101 2213 de
1124 2178 1260 2223 VPbya
1308 2182 1349 2212 17
1368 2177 1460 2212 Cha-

108 2225 245 2259 rietoni
270 2225 444 2269 Eyssenh.
520 2228 562 2258 ‘22
588 2234 807 2268 praegresso
835 2223 868 2258 G
891 2234 1086 2268 progresso
1115 2223 1229 2258 VPba
1308 2227 1350 2258 ‘23
1376 2233 1459 2257 con-

109 2270 211 2314 gerie
236 2269 278 2313 by
326 2273 369 2303 24
393 2268 577 2303 flexuosos
606 2269 639 2302 G
663 2268 880 2303 flexudissos
901 2268 969 2302 VP
1016 2272 1058 2303 25
1083 2269 1310 2302 armatorum
1337 2267 1371 2302 G
1403 2278 1459 2301 ar-

108 2325 255 2348 morum
284 2313 397 2348 VPba
444 2317 486 2348 28
514 2313 681 2358 legiones
704 2313 824 2351 Hadr.
854 2313 1020 2348 Valesius
1043 2313 1215 2358 regiones
1243 2313 1381 2357 VPbya
1404 2322 1460 2345 re-

110 2358 230 2403 gionis
253 2358 370 2393 Henr.
399 2358 566 2393 Valesius

1198 2414 1246 2450 9*
