1614 2549
345 65 683 101 CONSTANTIVS
708 65 769 100 ET
792 65 1025 102 ivfflANVS
1049 69 1115 102 360

1318 67 1403 109 229

48 159 305 202 Antiochiae
349 158 459 200 redit
506 159 552 200 in
596 157 766 214 Syriam
810 174 1127 214 aerumnosam,
1170 174 1398 214 perpessus

48 219 187 260 inulta
219 220 262 259 et
293 217 458 259 atrocia
488 217 644 272 diuque
664 218 868 261 deflenda..

930 221 1131 260 euenerat
1158 218 1272 260 enim
1301 218 1399 273 hoc,

49 277 171 332 quasi
202 276 326 318 fatali
347 276 675 318 constellatione
707 277 771 319 ita
790 280 967 332 regente
994 277 1186 319 diuersos
1208 279 1401 332 euentus,

46 338 96 377 ut
126 336 266 390 ipsum
287 334 588 376 Constantium
614 335 890 377 dimicantem
923 351 1018 377 eum
1049 336 1194 377 Persis
1226 336 1401 378 fortuna

0 409 11 433 ¹>
49 408 217 448 semper
258 396 506 448 sequeretur
538 394 763 448 afflictior,
800 395 909 436 unde
941 395 1112 436 uincere
1146 395 1293 436 saltim
1323 409 1400 450 per

49 453 177 495 duces
211 452 402 507 optabat,
435 452 548 506 quod
581 452 840 507 aliquotiens
861 453 1134 495 meminimus
1157 454 1404 508 contigisse.

80 791 111 822 1.

75 1058 111 1091 2.

80 1507 113 1540 4.

83 2049 115 2081 6.

571 685 748 727 LIBER
780 686 883 728 XXI

793 792 827 826 7.
856 789 976 826 Const.
1001 790 1048 827 A.
1074 790 1296 825 Antiochiae
1326 794 1404 826 tum

137 788 315 822 Iulianus
331 789 375 823 A.
407 788 568 823 Viennae
582 789 688 833 quiu-

138 834 338 877 quennalia
391 833 560 868 celebrat:
619 844 688 877 quo

138 878 241 912 modo
257 877 512 912 Constantium
525 879 570 912 A.
587 878 690 913 breui

139 923 355 957 moriturum
373 923 631 965 praenouerit:
656 926 690 957 et

139 967 182 1001 de
218 967 338 1001 uariis
376 967 518 1002 artibus
556 968 689 1010 futura

131 1012 408 1055 praenoscendi.

137 1057 280 1091 Iulian.
305 1057 351 1094 A,
388 1056 551 1091 Viennae
585 1056 689 1091 Chri-

136 1102 299 1136 stianum
315 1112 350 1135 se
366 1102 518 1136 simulat
537 1102 689 1136 illicien-

137 1147 206 1181 dae
254 1146 507 1180 multitudinis
559 1157 688 1182 eausa.-

139 1195 171 1226 et
188 1191 249 1225 die
265 1190 356 1233 festo
373 1190 415 1224 in
429 1192 577 1226 ecelesia
592 1192 690 1226 inter

138 1236 355 1270 christianos
375 1235 481 1270 cleum
500 1240 686 1280 precatur.

142 1280 388 1315 Vadomarius
419 1292 482 1315 rea:
509 1281 687 1315 Alaman-

137 1335 280 1369 norum,
305 1328 415 1370 rupto
440 1326 592 1368 foedere,
618 1336 688 1369 per

139 1371 341 1405 emissarios
357 1371 490 1406 limites
505 1374 642 1413 uastat,
657 1374 689 1405 et

137 1416 358 1450 Libinonem
400 1415 562 1451 comitem
609 1427 690 1450 cum

132 1461 267 1504 paucis
290 1461 477 1504 interficit.

138 1505 282 1542 Iulian.
306 1507 351 1540 A.
381 1506 591 1550 interceptis
620 1505 689 1540 Va-

139 1551 298 1586 domarii
337 1551 469 1586 litteris
508 1551 558 1585 ad
598 1550 689 1585 Con·

137 1596 316 1631 stantium
345 1597 392 1632 A.
424 1607 503 1630 eum
534 1597 576 1629 in
605 1605 689 1630 con-

140 1641 245 1676 uiuio
318 1640 689 1685 comprehendendam

138 1686 304 1722 curauit:
320 1689 353 1721 et
366 1685 590 1720 Alamannis
600 1686 688 1720 aliis

137 1731 274 1772 occisis,
298 1731 385 1766 aliis
410 1731 451 1765 in
469 1730 689 1765 deditionem

138 1777 306 1819 acceptis,
336 1776 462 1810 ceteris
480 1786 608 1819 pacem
626 1785 689 1818 pe·

137 1821 298 1856 tentibus
322 1820 434 1856 dedit.

108 1893 114 1900 .
140 1866 283 1900 Iulian.
302 1866 348 1900 A.
374 1866 506 1900 milites
528 1874 612 1900 suos
637 1865 689 1899 al-

139 1911 312 1962 loquitur,
345 1914 378 1945 et
407 1911 449 1944 in
480 1910 591 1944 uerba
620 1920 688 1944 sua

138 1956 330 1990 uniuersos
347 1955 481 2006 adiyit,
509 1955 688 1990 Constan-

139 2002 191 2036 tio
214 2001 261 2035 A.
286 2000 416 2034 bellum
440 2000 626 2034 illaturus.

146 2046 382 2080 Constantius
399 2045 446 2081 A.
464 2044 690 2079 Faustinam

140 2091 242 2125 ducit
271 2099 437 2125 uxorem:
468 2093 576 2134 auyet
606 2100 691 2132 sup-

133 2135 328 2179 plementis
363 2135 578 2169 exercitum:
617 2135 690 2168 Ar-

142 2180 281 2215 meniae
317 2183 349 2214 et
383 2179 559 2214 Hiberiae
594 2189 692 2223 reyes

141 2225 247 2260 donis
270 2225 341 2259 sibi
365 2224 549 2260 conciliat.

772 1643 827 1677 10.

774 1912 828 1944 11.

852 845 962 879 ayens
977 845 1046 878 per
1065 834 1319 870 Gaudentium
1341 847 1404 870 no-

852 880 992 914 tarium
1028 879 1199 921 Africam
1234 880 1275 914 in
1299 885 1404 924 pote-

851 928 944 958 state
974 935 1042 959 sua
1072 924 1226 966 retinet;
1263 928 1296 959 et
1324 924 1405 959 Eu-

851 969 980 1011 phrate
995 969 1152 1003 transito
1169 969 1347 1004 Edessam
1369 981 1406 1005 se

855 1014 1123 1057 exercitumque
1147 1013 1297 1056 confert.

855 1058 1033 1092 Iulianus
1063 1059 1108 1093 A
1135 1062 1219 1102 post
1255 1059 1405 1094 ordina-

852 1106 909 1137 tas
940 1113 996 1137 res
1030 1103 1253 1154 Galliarum,
1283 1104 1406 1148 ripam.

852 1147 1026 1182 Danubii
1060 1148 1163 1190 petit,
1199 1152 1232 1182 et
1259 1152 1406 1192 partem

850 1193 1010 1226 militum
1035 1203 1104 1236 per
1133 1193 1289 1227 Italiam
1319 1203 1406 1237 per·

851 1248 918 1280 que
941 1237 1096 1272 Raetias
1113 1238 1334 1280 praemittit.

817 1309 825 1316 .
852 1282 998 1317 Taurus
1023 1286 1055 1317 et
1079 1282 1296 1317 Florentius
1324 1293 1405 1318 con-

851 1327 959 1369 sales,
989 1337 1032 1360 ac
1056 1327 1241 1370 praefecti
1259 1331 1404 1371 praeto-

852 1372 918 1413 rio,
943 1372 1002 1406 hic
1020 1382 1089 1415 per
1112 1372 1323 1417 Illyricum,
1342 1373 1406 1407 ille

846 1427 916 1460 per
946 1416 1118 1459 Italiam
1154 1418 1308 1462 fuyiunt
1338 1418 1406 1452 ad-

847 1461 1121 1505 propinquante
1160 1462 1316 1496 Iuliano
1356 1463 1404 1498 A.

853 1506 1094 1541 Lucillianus
1110 1507 1284 1558 mayister
1308 1508 1406 1550 equi-

853 1555 942 1593 tum,
973 1552 1038 1594 qui
1061 1552 1225 1586 resistere
1248 1552 1405 1587 Iuliano

847 1596 1020 1640 parabat,
1044 1596 1277 1640 opprimitur.

854 1641 1032 1675 Iulianus
1056 1642 1102 1677 A.
1130 1640 1319 1684 Sirmium,
1347 1652 1405 1677 ca-

846 1690 919 1730 put
950 1686 1102 1730 Illyrici
1136 1687 1291 1729 occidui,
1327 1698 1406 1722 una

852 1742 933 1766 cum
953 1731 1144 1775 praesidio
1169 1732 1211 1765 in
1225 1732 1334 1775 sidem
1350 1743 1403 1766 rc-

852 1776 944 1819 cipit
950 1789 963 1818 ,·
980 1775 1111 1811 Succos
1127 1780 1292 1820 occupat,
1310 1780 1343 1811 et
1355 1777 1406 1811 ad

851 1823 1016 1856 senatum
1031 1821 1157 1855 scribit
1170 1824 1297 1855 eontra
1314 1821 1405 1856 Gon-

852 1866 1042 1900 stantium.

856 1910 953 1945 duae
982 1910 1138 1954 legiones
1172 1909 1404 1945 Constantia-

852 1966 940 1996 nae,
966 1965 1059 1998 quae
1090 1955 1193 1998 apud
1226 1955 1406 1990 Sirmium

852 2000 902 2034 ad
909 2000 1106 2034 Iulianum
1113 2000 1159 2036 A.
1167 2000 1406 2043 transierant,

852 2045 898 2079 ab
934 2054 971 2078 eo
1006 2045 1137 2079 missae
1172 2045 1213 2079 in
1247 2044 1406 2088 Gallias,

853 2089 1066 2133 Aquileiam
1105 2093 1283 2133 occupant
1322 2099 1404 2124 con-

853 2134 1091 2169 sentientibus
1120 2135 1329 2178 oppidanis,
1362 2145 1406 2169 ac

853 2179 1002 2259 galiani
1025 2179 1138 2214 militi
1157 2183 1289 2223 portas
1307 2180 1405 2215 clau-

884 2227 960 2259 unt.

142 2350 162 2380 2
180 2346 301 2381 inulta
318 2346 497 2391 Eyssenlz.
517 2345 695 2381 etulerint
721 2345 785 2380 sed
814 2345 882 2382 VP
902 2346 1083 2380 aestatem
1103 2345 1170 2390 bya
1217 2346 1256 2379 et
1277 2355 1342 2379 om.
1368 2344 1405 2379 P
