<?xml version="1.0" encoding="UTF-8"?>
<!DOCTYPE html PUBLIC "-//W3C//DTD XHTML 1.0 Transitional//EN"
    "http://www.w3.org/TR/xhtml1/DTD/xhtml1-transitional.dtd">
<html xmlns="http://www.w3.org/1999/xhtml" xml:lang="en" lang="en">
 <head>
  <title>
</title>
<meta http-equiv="Content-Type" content="text/html;charset=utf-8" />
  <meta name='ocr-system' content='tesseract 3.04.00' />
  <meta name='ocr-capabilities' content='ocr_page ocr_carea ocr_par ocr_line ocrx_word'/>
</head>
<body>
  <div class='ocr_page' id='page_1' title='image "./rerumgestarumlib01ammiuoft_0041.png"; bbox 0 0 1573 2508; ppageno 0'>
   <div class='ocr_carea' id='block_1_1' title="bbox 192 638 1281 701">
    <p class='ocr_par' dir='ltr' id='par_1_1' title="bbox 192 638 1281 701">
     <span class='ocr_line' id='line_1_1' title="bbox 192 638 1281 701; baseline -0.003 -6"><span class='ocrx_word' id='word_1_1' title='bbox 192 638 594 696; x_wconf 76' lang='lat' dir='ltr'>PERDITORUM&#39;</span> <span class='ocrx_word' id='word_1_2' title='bbox 609 652 915 694; x_wconf 85' lang='lat' dir='ltr'>LIBRORUM</span> <span class='ocrx_word' id='word_1_3' title='bbox 946 651 1281 701; x_wconf 78' lang='lat' dir='ltr'>RELIQUIAE.</span> 
     </span>
    </p>
   </div>
   <div class='ocr_carea' id='block_1_2' title="bbox 523 747 958 788">
    <p class='ocr_par' dir='ltr' id='par_1_2' title="bbox 523 747 958 788">
     <span class='ocr_line' id='line_1_2' title="bbox 523 747 958 788; baseline -0.002 0"><span class='ocrx_word' id='word_1_4' title='bbox 523 748 668 788; x_wconf 76' lang='lat' dir='ltr'>Aelius</span> <span class='ocrx_word' id='word_1_5' title='bbox 699 747 958 788; x_wconf 71' lang='lat' dir='ltr'><em>Hadrianus.</em></span> 
     </span>
    </p>
   </div>
   <div class='ocr_carea' id='block_1_3' title="bbox 63 826 1414 1002">
    <p class='ocr_par' dir='ltr' id='par_1_3' title="bbox 63 826 1414 1002">
     <span class='ocr_line' id='line_1_3' title="bbox 63 826 1413 884; baseline -0.004 -12"><span class='ocrx_word' id='word_1_6' title='bbox 63 831 96 871; x_wconf 91' lang='lat' dir='ltr'>I.</span> <span class='ocrx_word' id='word_1_7' title='bbox 129 831 197 883; x_wconf 86' lang='grc'>22,</span> <span class='ocrx_word' id='word_1_8' title='bbox 231 831 297 884; x_wconf 81' lang='lat'>15,</span> <span class='ocrx_word' id='word_1_9' title='bbox 333 832 353 871; x_wconf 86' lang='lat'>1</span> <span class='ocrx_word' id='word_1_10' title='bbox 393 845 460 870; x_wconf 86' lang='lat' dir='ltr'>res</span> <span class='ocrx_word' id='word_1_11' title='bbox 492 829 788 883; x_wconf 77' lang='lat' dir='ltr'>Aegyptiacae</span> <span class='ocrx_word' id='word_1_12' title='bbox 821 853 876 857; x_wconf 91' lang='lat'>—</span> <span class='ocrx_word' id='word_1_13' title='bbox 910 853 964 857; x_wconf 85' lang='lat'><em>-</em></span> <span class='ocrx_word' id='word_1_14' title='bbox 998 842 1179 882; x_wconf 88' lang='lat' dir='ltr'>quarum</span> <span class='ocrx_word' id='word_1_15' title='bbox 1208 826 1413 868; x_wconf 73' lang='lat' dir='ltr'>notitiam</span> 
     </span>
     <span class='ocr_line' id='line_1_4' title="bbox 183 885 1414 940; baseline -0.004 -10"><span class='ocrx_word' id='word_1_16' title='bbox 183 890 228 930; x_wconf 90' lang='lat' dir='ltr'>in</span> <span class='ocrx_word' id='word_1_17' title='bbox 266 889 433 930; x_wconf 87' lang='lat' dir='ltr'>actibus</span> <span class='ocrx_word' id='word_1_18' title='bbox 473 887 727 929; x_wconf 87' lang='lat' dir='ltr'>Hadriani</span> <span class='ocrx_word' id='word_1_19' title='bbox 766 891 813 928; x_wconf 94' lang='lat' dir='ltr'>et</span> <span class='ocrx_word' id='word_1_20' title='bbox 853 886 1030 928; x_wconf 74' lang='lat' dir='ltr'>Seueri</span> <span class='ocrx_word' id='word_1_21' title='bbox 1072 886 1316 940; x_wconf 82' lang='lat' dir='ltr'>principum</span> <span class='ocrx_word' id='word_1_22' title='bbox 1354 885 1414 925; x_wconf 87' lang='lat' dir='ltr'>di-</span> 
     </span>
     <span class='ocr_line' id='line_1_5' title="bbox 182 947 1145 1002; baseline -0.004 -13"><span class='ocrx_word' id='word_1_23' title='bbox 182 948 394 1002; x_wconf 81' lang='lat' dir='ltr'>gessimus</span> <span class='ocrx_word' id='word_1_24' title='bbox 427 948 514 988; x_wconf 86' lang='lat' dir='ltr'>late</span> <span class='ocrx_word' id='word_1_25' title='bbox 547 947 641 988; x_wconf 89' lang='lat' dir='ltr'>uisa</span> <span class='ocrx_word' id='word_1_26' title='bbox 671 947 876 1000; x_wconf 79' lang='lat' dir='ltr'>pleraque</span> <span class='ocrx_word' id='word_1_27' title='bbox 908 948 1145 987; x_wconf 87' lang='lat' dir='ltr'>narrantes.</span> 
     </span>
    </p>
   </div>
   <div class='ocr_carea' id='block_1_4' title="bbox 566 1040 909 1082">
    <p class='ocr_par' dir='ltr' id='par_1_4' title="bbox 566 1040 909 1082">
     <span class='ocr_line' id='line_1_6' title="bbox 566 1040 909 1082; baseline -0.003 -1"><span class='ocrx_word' id='word_1_28' title='bbox 566 1040 629 1081; x_wconf 83' lang='lat' dir='ltr'>M.</span> <span class='ocrx_word' id='word_1_29' title='bbox 660 1040 909 1082; x_wconf 70' lang='lat' dir='ltr'>Antoninus.</span> 
     </span>
    </p>
   </div>
   <div class='ocr_carea' id='block_1_5' title="bbox 65 1120 1420 1589">
    <p class='ocr_par' dir='ltr' id='par_1_5' title="bbox 65 1120 1418 1412">
     <span class='ocr_line' id='line_1_7' title="bbox 65 1120 1414 1177; baseline -0.003 -12"><span class='ocrx_word' id='word_1_30' title='bbox 65 1123 121 1165; x_wconf 83' lang='lat' dir='ltr'>II.</span> <span class='ocrx_word' id='word_1_31' title='bbox 153 1124 221 1177; x_wconf 85' lang='grc'>29,</span> <span class='ocrx_word' id='word_1_32' title='bbox 254 1124 292 1177; x_wconf 83' lang='grc'>6,</span> <span class='ocrx_word' id='word_1_33' title='bbox 328 1125 349 1164; x_wconf 95' lang='grc'>1</span> <span class='ocrx_word' id='word_1_34' title='bbox 390 1124 443 1164; x_wconf 85' lang='lat' dir='ltr'>ab</span> <span class='ocrx_word' id='word_1_35' title='bbox 484 1123 618 1164; x_wconf 89' lang='lat' dir='ltr'>isdem</span> <span class='ocrx_word' id='word_1_36' title='bbox 650 1120 709 1177; x_wconf 98' lang='grc'><strong>(11.</strong></span> <span class='ocrx_word' id='word_1_37' title='bbox 742 1137 775 1163; x_wconf 86' lang='lat' dir='ltr'>e.</span> <span class='ocrx_word' id='word_1_38' title='bbox 809 1120 989 1177; x_wconf 84' lang='lat' dir='ltr'>Quadis)</span> <span class='ocrx_word' id='word_1_39' title='bbox 1022 1136 1071 1162; x_wconf 90' lang='lat' dir='ltr'>ac</span> <span class='ocrx_word' id='word_1_40' title='bbox 1096 1121 1414 1162; x_wconf 81' lang='lat' dir='ltr'>Marcomannis</span> 
     </span>
     <span class='ocr_line' id='line_1_8' title="bbox 184 1181 1418 1236; baseline -0.002 -13"><span class='ocrx_word' id='word_1_41' title='bbox 184 1182 386 1236; x_wconf 82' lang='lat' dir='ltr'>Aquileia</span> <span class='ocrx_word' id='word_1_42' title='bbox 413 1181 768 1236; x_wconf 81' lang='lat' dir='ltr'>Opitergiumque</span> <span class='ocrx_word' id='word_1_43' title='bbox 802 1181 988 1221; x_wconf 84' lang='lat' dir='ltr'>excisum</span> <span class='ocrx_word' id='word_1_44' title='bbox 1027 1183 1069 1221; x_wconf 93' lang='lat' dir='ltr'>et</span> <span class='ocrx_word' id='word_1_45' title='bbox 1106 1182 1283 1221; x_wconf 87' lang='lat' dir='ltr'>cruenta</span> <span class='ocrx_word' id='word_1_46' title='bbox 1321 1194 1418 1221; x_wconf 92' lang='lat' dir='ltr'>con-</span> 
     </span>
     <span class='ocr_line' id='line_1_9' title="bbox 183 1239 1418 1295; baseline -0.002 -13"><span class='ocrx_word' id='word_1_47' title='bbox 183 1241 308 1295; x_wconf 82' lang='lat' dir='ltr'>plura</span> <span class='ocrx_word' id='word_1_48' title='bbox 339 1241 545 1295; x_wconf 83' lang='lat' dir='ltr'>perceleri</span> <span class='ocrx_word' id='word_1_49' title='bbox 577 1242 673 1281; x_wconf 90' lang='lat' dir='ltr'>acta</span> <span class='ocrx_word' id='word_1_50' title='bbox 705 1241 943 1293; x_wconf 73' lang='lat' dir='ltr'>procinctu,</span> <span class='ocrx_word' id='word_1_51' title='bbox 975 1240 1048 1281; x_wconf 83' lang='lat' dir='ltr'>uix</span> <span class='ocrx_word' id='word_1_52' title='bbox 1080 1239 1306 1280; x_wconf 83' lang='lat' dir='ltr'>resistente</span> <span class='ocrx_word' id='word_1_53' title='bbox 1326 1253 1418 1292; x_wconf 84' lang='lat' dir='ltr'>per-</span> 
     </span>
     <span class='ocr_line' id='line_1_10' title="bbox 185 1295 1418 1354; baseline -0.002 -13"><span class='ocrx_word' id='word_1_54' title='bbox 185 1300 322 1354; x_wconf 85' lang='lat' dir='ltr'>ruptis</span> <span class='ocrx_word' id='word_1_55' title='bbox 343 1299 528 1353; x_wconf 89' lang='lat' dir='ltr'>Alpibus</span> <span class='ocrx_word' id='word_1_56' title='bbox 550 1298 672 1339; x_wconf 90' lang='lat' dir='ltr'>Iuliis</span> <span class='ocrx_word' id='word_1_57' title='bbox 693 1297 892 1352; x_wconf 82' lang='lat' dir='ltr'>Principe</span> <span class='ocrx_word' id='word_1_58' title='bbox 926 1298 1037 1339; x_wconf 91' lang='lat' dir='ltr'>serio</span> <span class='ocrx_word' id='word_1_59' title='bbox 1058 1295 1130 1354; x_wconf 66' lang='lat'><strong>(⁶3),</strong></span> <span class='ocrx_word' id='word_1_60' title='bbox 1163 1311 1288 1351; x_wconf 90' lang='lat' dir='ltr'>quem</span> <span class='ocrx_word' id='word_1_61' title='bbox 1319 1300 1418 1339; x_wconf 86' lang='lat' dir='ltr'>ante</span> 
     </span>
     <span class='ocr_line' id='line_1_11' title="bbox 184 1354 708 1412; baseline -0.004 -13"><span class='ocrx_word' id='word_1_62' title='bbox 184 1359 404 1400; x_wconf 87' lang='lat' dir='ltr'>docuimus</span> <span class='ocrx_word' id='word_1_63' title='bbox 436 1357 604 1398; x_wconf 85' lang='lat' dir='ltr'>Marco</span> <span class='ocrx_word' id='word_1_64' title='bbox 637 1354 708 1412; x_wconf 66' lang='lat'>(22).</span> 
     </span>
    </p>

    <p class='ocr_par' dir='ltr' id='par_1_6' title="bbox 65 1413 1420 1589">
     <span class='ocr_line' id='line_1_12' title="bbox 65 1413 1420 1471; baseline -0.002 -13"><span class='ocrx_word' id='word_1_65' title='bbox 65 1417 145 1458; x_wconf 89' lang='lat' dir='ltr'><strong>III.</strong></span> <span class='ocrx_word' id='word_1_66' title='bbox 180 1418 246 1471; x_wconf 74' lang='lat'>14,</span> <span class='ocrx_word' id='word_1_67' title='bbox 277 1418 316 1468; x_wconf 86' lang='lat'>4,</span> <span class='ocrx_word' id='word_1_68' title='bbox 348 1418 375 1458; x_wconf 91' lang='grc'>2</span> <span class='ocrx_word' id='word_1_69' title='bbox 408 1431 534 1470; x_wconf 87' lang='lat' dir='ltr'>super</span> <span class='ocrx_word' id='word_1_70' title='bbox 572 1430 752 1470; x_wconf 85' lang='lat' dir='ltr'>quorum</span> <span class='ocrx_word' id='word_1_71' title='bbox 785 1413 844 1470; x_wconf 92' lang='grc'><strong>(11.</strong></span> <span class='ocrx_word' id='word_1_72' title='bbox 877 1430 910 1456; x_wconf 89' lang='lat' dir='ltr'>e.</span> <span class='ocrx_word' id='word_1_73' title='bbox 933 1414 1262 1470; x_wconf 74' lang='lat' dir='ltr'>Saracenorum)</span> <span class='ocrx_word' id='word_1_74' title='bbox 1293 1414 1420 1455; x_wconf 87' lang='lat' dir='ltr'>mori-</span> 
     </span>
     <span class='ocr_line' id='line_1_13' title="bbox 185 1473 1420 1528; baseline -0.002 -11"><span class='ocrx_word' id='word_1_75' title='bbox 185 1476 264 1517; x_wconf 87' lang='lat' dir='ltr'>bus</span> <span class='ocrx_word' id='word_1_76' title='bbox 296 1476 398 1517; x_wconf 88' lang='lat' dir='ltr'>licet</span> <span class='ocrx_word' id='word_1_77' title='bbox 430 1476 475 1516; x_wconf 88' lang='lat' dir='ltr'>in</span> <span class='ocrx_word' id='word_1_78' title='bbox 494 1475 661 1515; x_wconf 89' lang='lat' dir='ltr'>actibus</span> <span class='ocrx_word' id='word_1_79' title='bbox 682 1474 888 1528; x_wconf 88' lang='lat' dir='ltr'>principis</span> <span class='ocrx_word' id='word_1_80' title='bbox 910 1473 1070 1515; x_wconf 88' lang='lat' dir='ltr'>Marci</span> <span class='ocrx_word' id='word_1_81' title='bbox 1103 1477 1144 1514; x_wconf 88' lang='lat' dir='ltr'>et</span> <span class='ocrx_word' id='word_1_82' title='bbox 1170 1477 1323 1527; x_wconf 89' lang='lat' dir='ltr'>postea</span> <span class='ocrx_word' id='word_1_83' title='bbox 1344 1473 1420 1514; x_wconf 87' lang='lat' dir='ltr'>ali-</span> 
     </span>
     <span class='ocr_line' id='line_1_14' title="bbox 186 1533 1022 1589; baseline -0.005 -13"><span class='ocrx_word' id='word_1_84' title='bbox 186 1534 383 1589; x_wconf 87' lang='lat' dir='ltr'>quotiens</span> <span class='ocrx_word' id='word_1_85' title='bbox 416 1533 592 1575; x_wconf 89' lang='lat' dir='ltr'>memini</span> <span class='ocrx_word' id='word_1_86' title='bbox 623 1533 846 1574; x_wconf 87' lang='lat' dir='ltr'>rettulisse</span> <span class='ocrx_word' id='word_1_87' title='bbox 880 1557 935 1562; x_wconf 83' lang='lat'>——</span> <span class='ocrx_word' id='word_1_88' title='bbox 968 1557 1022 1561; x_wconf 91' lang='lat'>—</span> 
     </span>
    </p>
   </div>
   <div class='ocr_carea' id='block_1_6' title="bbox 623 1627 849 1669">
    <p class='ocr_par' dir='ltr' id='par_1_7' title="bbox 623 1627 849 1669">
     <span class='ocr_line' id='line_1_15' title="bbox 623 1627 849 1669; baseline -0.004 -1"><span class='ocrx_word' id='word_1_89' title='bbox 623 1627 672 1668; x_wconf 92' lang='lat' dir='ltr'>L.</span> <span class='ocrx_word' id='word_1_90' title='bbox 712 1627 849 1669; x_wconf 76' lang='lat' dir='ltr'>Verus.</span> 
     </span>
    </p>
   </div>
   <div class='ocr_carea' id='block_1_7' title="bbox 66 1707 1422 1988">
    <p class='ocr_par' dir='ltr' id='par_1_8' title="bbox 66 1707 1422 1988">
     <span class='ocr_line' id='line_1_16' title="bbox 66 1707 1421 1766; baseline -0.003 -14"><span class='ocrx_word' id='word_1_91' title='bbox 66 1710 168 1752; x_wconf 88' lang='lat' dir='ltr'>IIII.</span> <span class='ocrx_word' id='word_1_92' title='bbox 200 1711 274 1765; x_wconf 80' lang='grc'>23,</span> <span class='ocrx_word' id='word_1_93' title='bbox 308 1711 351 1764; x_wconf 86' lang='grc'>6,</span> <span class='ocrx_word' id='word_1_94' title='bbox 384 1710 441 1751; x_wconf 78' lang='grc'>24</span> <span class='ocrx_word' id='word_1_95' title='bbox 503 1709 596 1759; x_wconf 82' lang='lat' dir='ltr'>Qua</span> <span class='ocrx_word' id='word_1_96' title='bbox 628 1708 687 1766; x_wconf 87' lang='lat' dir='ltr'>(h.</span> <span class='ocrx_word' id='word_1_97' title='bbox 721 1725 754 1751; x_wconf 86' lang='lat' dir='ltr'>e.</span> <span class='ocrx_word' id='word_1_98' title='bbox 788 1707 1000 1765; x_wconf 83' lang='lat' dir='ltr'>Seleucia)</span> <span class='ocrx_word' id='word_1_99' title='bbox 1031 1723 1108 1762; x_wconf 87' lang='lat' dir='ltr'>per</span> <span class='ocrx_word' id='word_1_100' title='bbox 1138 1708 1265 1749; x_wconf 86' lang='lat' dir='ltr'>duces</span> <span class='ocrx_word' id='word_1_101' title='bbox 1298 1707 1421 1748; x_wconf 81' lang='lat' dir='ltr'>Veri</span> 
     </span>
     <span class='ocr_line' id='line_1_17' title="bbox 186 1764 1422 1822; baseline -0.003 -11"><span class='ocrx_word' id='word_1_102' title='bbox 186 1768 403 1822; x_wconf 79' lang='lat' dir='ltr'>Caesaris,</span> <span class='ocrx_word' id='word_1_103' title='bbox 452 1772 501 1810; x_wconf 86' lang='lat' dir='ltr'>ut</span> <span class='ocrx_word' id='word_1_104' title='bbox 550 1773 649 1810; x_wconf 90' lang='lat' dir='ltr'>ante</span> <span class='ocrx_word' id='word_1_105' title='bbox 693 1769 956 1821; x_wconf 82' lang='lat' dir='ltr'>rettulimus,</span> <span class='ocrx_word' id='word_1_106' title='bbox 1007 1767 1234 1821; x_wconf 82' lang='lat' dir='ltr'>expulsata</span> <span class='ocrx_word' id='word_1_107' title='bbox 1276 1764 1422 1821; x_wconf 87' lang='lat' dir='ltr'>(expu-</span> 
     </span>
     <span class='ocr_line' id='line_1_18' title="bbox 188 1824 1422 1883; baseline -0.004 -13"><span class='ocrx_word' id='word_1_108' title='bbox 188 1831 320 1883; x_wconf 85' lang='lat' dir='ltr'>gnata</span> <span class='ocrx_word' id='word_1_109' title='bbox 335 1827 384 1883; x_wconf 84' lang='lat'>‘?)</span> <span class='ocrx_word' id='word_1_110' title='bbox 444 1828 642 1869; x_wconf 89' lang='lat' dir='ltr'>auulsum</span> <span class='ocrx_word' id='word_1_111' title='bbox 703 1828 875 1869; x_wconf 89' lang='lat' dir='ltr'>sedibus</span> <span class='ocrx_word' id='word_1_112' title='bbox 936 1826 1215 1867; x_wconf 87' lang='lat' dir='ltr'>simulacrum</span> <span class='ocrx_word' id='word_1_113' title='bbox 1275 1824 1422 1866; x_wconf 85' lang='lat' dir='ltr'>Comei</span> 
     </span>
     <span class='ocr_line' id='line_1_19' title="bbox 187 1883 1422 1942; baseline -0.003 -14"><span class='ocrx_word' id='word_1_114' title='bbox 187 1887 405 1942; x_wconf 90' lang='lat' dir='ltr'>Apollinis</span> <span class='ocrx_word' id='word_1_115' title='bbox 438 1887 736 1941; x_wconf 85' lang='lat' dir='ltr'>perlatumque</span> <span class='ocrx_word' id='word_1_116' title='bbox 767 1886 953 1927; x_wconf 85' lang='lat' dir='ltr'>Romam</span> <span class='ocrx_word' id='word_1_117' title='bbox 990 1886 1036 1926; x_wconf 90' lang='lat' dir='ltr'>in</span> <span class='ocrx_word' id='word_1_118' title='bbox 1067 1885 1169 1926; x_wconf 87' lang='lat' dir='ltr'>aede</span> <span class='ocrx_word' id='word_1_119' title='bbox 1201 1883 1422 1938; x_wconf 88' lang='lat' dir='ltr'>Apollinis</span> 
     </span>
     <span class='ocr_line' id='line_1_20' title="bbox 187 1944 1154 1988; baseline -0.004 -1"><span class='ocrx_word' id='word_1_120' title='bbox 187 1946 381 1988; x_wconf 86' lang='lat' dir='ltr'>Palatini</span> <span class='ocrx_word' id='word_1_121' title='bbox 413 1946 589 1987; x_wconf 87' lang='lat' dir='ltr'>deorum</span> <span class='ocrx_word' id='word_1_122' title='bbox 622 1945 841 1987; x_wconf 85' lang='lat' dir='ltr'>antistites</span> <span class='ocrx_word' id='word_1_123' title='bbox 874 1944 1154 1985; x_wconf 81' lang='lat' dir='ltr'>collocarunt.</span> 
     </span>
    </p>
   </div>
   <div class='ocr_carea' id='block_1_8' title="bbox 596 2038 889 2081">
    <p class='ocr_par' dir='ltr' id='par_1_9' title="bbox 596 2038 889 2081">
     <span class='ocr_line' id='line_1_21' title="bbox 596 2038 889 2081; baseline -0.007 0"><span class='ocrx_word' id='word_1_124' title='bbox 596 2039 646 2081; x_wconf 88' lang='lat' dir='ltr'>L.</span> <span class='ocrx_word' id='word_1_125' title='bbox 678 2038 889 2081; x_wconf 73' lang='lat' dir='ltr'>Comodus.</span> 
     </span>
    </p>
   </div>
   <div class='ocr_carea' id='block_1_9' title="bbox 70 2116 1428 2352">
    <p class='ocr_par' dir='ltr' id='par_1_10' title="bbox 70 2116 1428 2352">
     <span class='ocr_line' id='line_1_22' title="bbox 70 2116 1424 2177; baseline -0.004 -13"><span class='ocrx_word' id='word_1_126' title='bbox 70 2122 124 2164; x_wconf 75' lang='lat' dir='ltr'>V.</span> <span class='ocrx_word' id='word_1_127' title='bbox 164 2122 234 2176; x_wconf 89' lang='grc'>22,</span> <span class='ocrx_word' id='word_1_128' title='bbox 265 2122 310 2176; x_wconf 85' lang='grc'>9,</span> <span class='ocrx_word' id='word_1_129' title='bbox 349 2123 374 2164; x_wconf 87' lang='grc'><strong>6</strong></span> <span class='ocrx_word' id='word_1_130' title='bbox 414 2120 543 2163; x_wconf 80' lang='lat' dir='ltr'>Cuius</span> <span class='ocrx_word' id='word_1_131' title='bbox 584 2119 644 2177; x_wconf 83' lang='lat' dir='ltr'>(h.</span> <span class='ocrx_word' id='word_1_132' title='bbox 683 2135 716 2162; x_wconf 92' lang='lat' dir='ltr'>e.</span> <span class='ocrx_word' id='word_1_133' title='bbox 755 2121 975 2162; x_wconf 83' lang='lat' dir='ltr'>simulacri</span> <span class='ocrx_word' id='word_1_134' title='bbox 1018 2119 1205 2174; x_wconf 87' lang='lat' dir='ltr'>Magnae</span> <span class='ocrx_word' id='word_1_135' title='bbox 1248 2116 1424 2173; x_wconf 84' lang='lat' dir='ltr'>Matris)</span> 
     </span>
     <span class='ocr_line' id='line_1_23' title="bbox 191 2177 1424 2235; baseline -0.004 -13"><span class='ocrx_word' id='word_1_136' title='bbox 191 2195 317 2235; x_wconf 86' lang='lat' dir='ltr'>super</span> <span class='ocrx_word' id='word_1_137' title='bbox 355 2181 543 2222; x_wconf 88' lang='lat' dir='ltr'>aduentu</span> <span class='ocrx_word' id='word_1_138' title='bbox 580 2181 626 2222; x_wconf 90' lang='lat' dir='ltr'>in</span> <span class='ocrx_word' id='word_1_139' title='bbox 661 2179 839 2222; x_wconf 89' lang='lat' dir='ltr'>Italiam</span> <span class='ocrx_word' id='word_1_140' title='bbox 874 2193 1012 2233; x_wconf 87' lang='lat' dir='ltr'>pauca</span> <span class='ocrx_word' id='word_1_141' title='bbox 1050 2193 1147 2220; x_wconf 87' lang='lat' dir='ltr'>cum</span> <span class='ocrx_word' id='word_1_142' title='bbox 1185 2178 1283 2219; x_wconf 89' lang='lat' dir='ltr'>aliis</span> <span class='ocrx_word' id='word_1_143' title='bbox 1322 2177 1424 2218; x_wconf 88' lang='lat' dir='ltr'>huic</span> 
     </span>
     <span class='ocr_line' id='line_1_24' title="bbox 190 2236 1428 2294; baseline -0.004 -13"><span class='ocrx_word' id='word_1_144' title='bbox 190 2240 398 2281; x_wconf 87' lang='lat' dir='ltr'>materiae</span> <span class='ocrx_word' id='word_1_145' title='bbox 419 2239 754 2294; x_wconf 86' lang='lat' dir='ltr'>congruentibus</span> <span class='ocrx_word' id='word_1_146' title='bbox 778 2239 824 2279; x_wconf 88' lang='lat' dir='ltr'>in</span> <span class='ocrx_word' id='word_1_147' title='bbox 838 2238 1004 2279; x_wconf 86' lang='lat' dir='ltr'>actibus</span> <span class='ocrx_word' id='word_1_148' title='bbox 1027 2236 1289 2279; x_wconf 84' lang='lat' dir='ltr'>Commodi</span> <span class='ocrx_word' id='word_1_149' title='bbox 1310 2236 1428 2290; x_wconf 83' lang='lat' dir='ltr'>prin-</span> 
     </span>
     <span class='ocr_line' id='line_1_25' title="bbox 191 2298 960 2352; baseline -0.003 -12"><span class='ocrx_word' id='word_1_150' title='bbox 191 2299 297 2352; x_wconf 88' lang='lat' dir='ltr'>cipis</span> <span class='ocrx_word' id='word_1_151' title='bbox 329 2298 588 2352; x_wconf 86' lang='lat' dir='ltr'>digessimus</span> <span class='ocrx_word' id='word_1_152' title='bbox 620 2313 696 2352; x_wconf 89' lang='lat' dir='ltr'>per</span> <span class='ocrx_word' id='word_1_153' title='bbox 729 2311 960 2339; x_wconf 80' lang='lat' dir='ltr'>excessum.</span> 
     </span>
    </p>
   </div>
   <div class='ocr_carea' id='block_1_10' title="bbox 144 2369 1211 2399">
    <p class='ocr_par' dir='ltr' id='par_1_11' title="bbox 144 2369 1211 2399">
     <span class='ocr_line' id='line_1_26' title="bbox 144 2369 1211 2399; baseline 0.001 -1"><span class='ocrx_word' id='word_1_154' title='bbox 144 2374 322 2399; x_wconf 59' lang='lat' dir='ltr'>Amnum-s</span> <span class='ocrx_word' id='word_1_155' title='bbox 342 2374 588 2399; x_wconf 64' lang='lat' dir='ltr'>MARCELMNVS.</span> <span class='ocrx_word' id='word_1_156' title='bbox 1195 2369 1211 2399; x_wconf 93' lang='grc'>1</span> 
     </span>
    </p>
   </div>
  </div>
 </body>
</html>
