1614 2549
47 405 63 430 5

30 693 63 718 10

30 987 62 1012 15

30 1281 63 1306 20

30 1573 63 1599 25

31 1869 65 1893 30

586 59 818 96 ivLiAst
844 63 909 96 362
1342 62 1424 104 281

84 154 338 196 adhibentes
379 154 544 195 uomeri
589 168 732 195 curam
775 156 817 195 et
857 155 1138 208 prouentibus
1183 154 1433 198 fructuariis

79 214 342 255 uictitantes.

200 271 269 312 33.
300 270 341 312 A
373 271 529 325 quibus
567 286 643 325 per
680 271 803 313 uaria
833 285 968 326 regna
999 272 1162 313 diducti
1201 272 1430 315 itineribus

82 330 261 371 modicis
295 329 428 371 Tauri
459 330 757 384 dissociantur,
789 331 902 372 inter
929 345 1035 384 quos
1067 331 1231 372 inmani
1257 331 1433 373 diritate

83 388 299 430 terribiles
351 388 503 429 Arichi
554 391 597 429 et
648 387 795 430 Sinchi
847 392 890 430 et
941 388 1133 443 Napaei,
1183 390 1432 432 intendente

85 447 313 489 saeuitiam
344 447 521 488 licentia
541 446 754 500 diuturna,
786 447 975 489 indidere
996 448 1106 488 mari
1125 461 1283 489 nomen
1314 449 1434 491 inho-

84 506 250 560 spitali,
284 508 326 546 et
359 521 383 547 a
415 506 630 547 contrario
662 520 738 560 per
771 506 1091 547 cauillationem
1112 506 1277 548 Pontus
1302 507 1432 549 Euxi-

83 579 162 606 nus
207 564 473 618 appellatur,
523 567 571 605 ut
615 560 756 618 εὐήθη
812 564 964 606 Graeci
1015 565 1194 606 dicimus
1249 566 1433 607 stultum

84 626 127 665 et
158 626 328 664 noctem
349 619 589 677 εὐφρόνην,
621 626 663 664 et
682 623 817 664 furias
839 619 1082 677 εὐμενίδας.
1132 623 1201 664 34.
1221 623 1286 665 dis
1320 625 1435 666 enim

82 681 238 723 hostiis
272 682 449 723 litantes
481 681 682 722 humanis
723 685 765 723 et
803 682 1078 723 immolantes
1118 682 1301 723 aduenas
1334 682 1435 724 Dia-

82 755 175 794 nae,
208 755 315 794 quae
348 740 462 794 apud
494 755 566 781 eos
588 741 744 781 dicitur
766 740 1002 794 Orsiloche,
1035 755 1259 782 caesorum
1292 742 1436 795 capita

82 799 172 840 fani
209 799 448 853 parietibus
487 800 796 853 praefigebant,
839 800 960 841 uelut
1003 799 1183 841 fortium
1226 803 1436 854 perpetua

83 860 363 899 monumenta
394 857 645 899 facinorum.

202 915 270 958 35.
302 916 354 957 In
384 916 465 957 hac
498 915 683 957 Taurica
714 916 856 957 insula
882 916 1019 957 Leuce
1053 916 1142 956 sine
1180 915 1436 957 habitatori-

83 976 162 1016 bus
182 975 285 1016 ullis
306 974 472 1016 Achilli
505 978 570 1016 est
602 975 807 1016 dedicata.
858 975 903 1015 in
935 989 1063 1029 quam
1097 975 1133 1015 si
1164 974 1326 1015 fuerint
1347 975 1436 1029 qui-

82 1034 182 1075 dam
213 1033 325 1074 forte
346 1033 491 1087 delati,
523 1033 629 1074 uisis
652 1033 926 1088 antiquitatis
953 1033 1152 1086 uestigiis
1185 1033 1435 1087 temploque

83 1096 125 1134 et
158 1092 346 1134 donariis
386 1092 522 1133 eidem
559 1092 683 1133 heroi
715 1092 987 1146 consecratis,
1025 1092 1196 1145 uesperi
1233 1094 1436 1146 repetunt

82 1166 232 1192 naues:
266 1151 387 1192 aiunt
408 1151 521 1191 enim
541 1165 629 1191 non
661 1150 750 1191 sine
772 1150 1017 1191 discrimine
1038 1150 1154 1191 uitae
1180 1150 1271 1191 illic
1293 1165 1436 1205 quem-

83 1225 213 1264 quam
244 1212 509 1264 pemoctare.
571 1209 633 1250 ibi
666 1212 708 1250 et
741 1224 875 1263 aquae
909 1212 1009 1250 sunt
1041 1212 1084 1249 et
1104 1209 1307 1250 candidae
1334 1224 1435 1251 aues

83 1271 319 1310 nascuntur
350 1268 635 1322 halcyonibus
669 1268 844 1322 similes,
883 1282 1011 1322 super
1050 1282 1231 1321 quarum
1270 1268 1436 1322 origine

85 1331 127 1368 et
140 1327 484 1380 Hellespontiaci
504 1327 659 1380 proelii
679 1330 872 1381 tempore
894 1327 1220 1368 disserebamus.
1253 1326 1321 1367 36.
1337 1329 1438 1368 sunt

85 1389 229 1427 autem
273 1386 482 1440 quaedam
525 1400 601 1438 per
640 1385 871 1427 Tauricam
916 1385 1128 1438 ciuitates,
1173 1385 1285 1426 inter
1330 1399 1436 1439 quas

84 1445 243 1486 eminet
274 1444 514 1498 Eupatoria
547 1447 589 1484 et
609 1444 822 1497 Dandace,
856 1446 898 1485 et
919 1444 1162 1485 Theodosia
1183 1447 1225 1485 et
1246 1443 1435 1485 minores

84 1503 195 1545 aliae
226 1503 359 1544 nullis
392 1502 591 1543 humanis
624 1502 780 1544 hostiis
814 1503 1015 1556 inpiatae.

202 1563 271 1604 37.
313 1560 535 1603 Hactenus
581 1576 703 1603 arcus
750 1576 857 1615 apex
907 1561 1107 1615 protendi
1153 1561 1438 1602 existimatur.

84 1621 174 1662 eius
211 1634 323 1661 nunc
366 1620 538 1661 residua
581 1620 735 1661 leniter
774 1621 956 1674 sinuata,
996 1620 1274 1674 subiectaque
1311 1634 1437 1660 ursae

83 1679 259 1720 caelesti
304 1679 356 1720 ad
402 1693 534 1732 usque
578 1679 750 1720 laeuum
788 1678 971 1732 Bospori
1011 1677 1185 1720 Thracii
1224 1678 1351 1732 latus,
1388 1681 1439 1719 ut

83 1738 186 1780 ordo
219 1737 426 1792 postulat,
466 1751 746 1791 exsequemur
778 1738 821 1778 id
854 1737 1143 1791 admonentes,
1183 1737 1307 1791 quod,
1340 1751 1436 1778 cum

85 1811 208 1838 arcus
253 1796 445 1838 omnium
490 1796 685 1849 gentium
735 1796 856 1837 flexis
909 1798 1141 1836 curuentur
1190 1795 1437 1848 hastilibus,

87 1855 278 1909 Scythici
317 1855 398 1896 soli
436 1854 506 1895 uel
546 1853 741 1895 Parthici
780 1854 1080 1895 circumductis
1120 1853 1338 1907 utrimque
1376 1853 1437 1893 in-

84 1917 250 1956 trorsus
288 1913 441 1968 pandis
475 1916 517 1954 et
554 1912 716 1966 patulis
751 1913 950 1954 cornibus
984 1912 1173 1966 effigiem
1211 1912 1339 1953 lunae
1372 1911 1439 1952 de-

176 2073 196 2104 5
221 2069 349 2103 Arichi
373 2069 614 2103 Kellerbauer
636 2068 789 2102 Arinchi
812 2068 879 2103 VP
925 2073 1014 2103 8-9
1041 2078 1168 2103 (raeca
1193 2067 1322 2103 latinis
1347 2068 1439 2102 litte-

85 2116 137 2149 ris
168 2117 325 2148 exarata
354 2117 441 2149 sunt
470 2112 607 2157 Vqua
689 2113 786 2147 *diis
821 2114 854 2147 G
886 2113 974 2148 deos
1040 2114 1076 2147 P
1164 2115 1205 2146 16
1229 2113 1337 2147 iussis
1371 2112 1440 2147 VP

90 2163 128 2194 19
161 2169 280 2203 aquae
317 2159 419 2193 codd.
457 2158 589 2207 gauiae
622 2158 824 2192 Lindewbr.
918 2162 959 2191 21
986 2156 1281 2201 Hellespontiaci
1304 2157 1440 2208 proelii

85 2203 218 2248 scripsi
253 2203 522 2247 illespontiacis
559 2203 712 2246 proeliis
752 2203 786 2237 V
820 2202 1091 2237 disserebamus
1121 2202 1254 2245 scripsi
1285 2202 1437 2236 dissere-

86 2260 167 2282 mus
198 2249 301 2284 codd.
395 2252 437 2282 27
468 2247 619 2281 laeuum
651 2247 834 2291 Bosphori
868 2247 901 2283 G
938 2247 1124 2281 reuunbas
1159 2246 1243 2291 pori
1271 2247 1340 2282 VP
1372 2246 1438 2281 Ca-

86 2294 186 2337 spias
210 2294 338 2338 portas
363 2293 408 2327 ba
493 2296 535 2326 29
561 2293 764 2326 curuentur
791 2291 862 2326 GA
887 2293 1091 2327 curuantur
1120 2291 1208 2327 VPb
1282 2295 1323 2327 31
1349 2301 1438 2336 pan-

86 2337 143 2371 dis
169 2338 203 2373 G
228 2337 360 2382 pandis
391 2337 433 2372 V¹
460 2337 567 2381 pedis
597 2336 681 2371 V²P
704 2337 863 2381 pedibus
889 2337 931 2372 ba
