1614 2549
52 727 86 752 10

52 1023 84 1048 15

50 1318 84 1342 20

50 1612 84 1638 25

52 1907 85 1932 30

616 87 850 125 IVLIANVS
875 93 941 125 361
1376 91 1458 132 271

108 198 205 225 cum
244 184 355 225 cocis
400 183 704 238 similibusque
748 184 845 225 aliis
891 183 1039 225 eadem
1088 197 1222 237 paene
1267 184 1459 238 accipere

108 244 346 296 consuetos,
372 245 421 284 ut
451 258 607 297 parum
640 243 724 284 sibi
754 243 1033 296 necessarios,
1071 242 1173 284 data
1205 256 1289 296 quo
1321 243 1460 284 uelint

107 301 235 342 eundi
264 303 495 355 potestate,
525 302 721 355 proiecit.

226 359 268 401 5.
305 360 340 400 1.
360 360 419 402 Et
440 375 702 415 quamquam
729 376 753 401 a
773 360 1030 401 rudimentis
1060 360 1274 414 pueritiae
1305 360 1458 414 primis

105 419 353 460 inclinatior
397 422 488 460 erat
533 433 636 474 erga
678 419 903 460 numinum
948 419 1112 460 cultum
1160 419 1459 474 paulatimque

107 478 356 519 adulescens
408 478 618 519 desiderio
669 478 732 519 rei
782 478 1020 532 flagrabat,
1070 477 1210 519 multa
1260 480 1457 519 metuens

104 539 252 578 tamen
290 537 487 590 agitabat
520 537 730 591 quaedam
763 537 816 578 ad
853 537 897 577 id
933 537 1208 590 pertinentia,
1246 539 1458 590 quantum

106 595 199 637 fieri
230 598 413 649 poterat,
446 596 748 637 occultissime.
810 596 850 637 2.
882 596 957 636 ubi
995 610 1098 636 uero
1138 595 1315 636 abolitis
1350 609 1457 649 quae

105 654 347 708 uerebatur,
386 654 532 695 adesse
572 655 657 696 sibi
696 655 883 696 liberum
923 658 1092 708 tempus
1132 654 1317 695 faciendi
1349 668 1457 708 quae

104 713 239 754 uellet
271 713 470 767 aduertit,
495 714 683 767 pectoris
714 714 920 768 patefecit
952 728 1109 754 arcana
1141 716 1183 754 et
1214 713 1355 767 planis
1388 713 1459 754 ab·

107 771 346 826 solutisque
380 773 561 813 decretis
595 773 752 826 aperiri
783 773 948 827 templa
981 772 1151 827 arisque
1191 771 1356 813 hostias
1390 771 1459 812 ad-

105 845 280 871 mouere
311 834 349 872 et
383 832 575 884 <reparari
605 832 782 873 deorum
820 832 975 873 statuit
1013 832 1191 873 cultum.
1253 831 1293 871 3.
1324 833 1457 883 utque

105 889 415 943 dispositorum
452 891 676 931 roboraret
714 890 924 944 effectum,
962 890 1218 931 dissidentes
1251 887 1459 930 Christia-

104 962 259 990 norum
280 949 498 990 antistites
519 964 615 990 cum
645 949 771 1002 plebe
798 949 977 990 discissa
1008 949 1053 989 in
1082 948 1297 1003 palatium
1328 948 1460 988 intro-

105 1007 260 1048 missos
293 1008 497 1049 monebat
530 1008 714 1062 ciuilius,
746 1011 794 1049 ut
821 1008 1045 1049 discordiis
1078 1007 1314 1060 consopitis
1347 1006 1460 1060 quis-

105 1080 187 1120 que
224 1067 346 1108 nullo
385 1069 561 1108 uetante
599 1067 803 1121 religioni
842 1082 943 1108 suae
984 1067 1168 1108 seruiret
1206 1065 1459 1119 intrepidus.

103 1126 144 1166 4.
164 1125 278 1179 quod
310 1126 469 1180 agebat
500 1126 595 1167 ideo
617 1126 847 1179 obstinate,
878 1128 926 1167 ut
952 1125 1239 1167 dissensiones
1273 1126 1459 1178 augente

103 1184 280 1225 licentia
309 1199 397 1226 non
426 1186 601 1226 timeret
619 1186 944 1226 imanimantem
969 1187 1124 1238 postea
1152 1184 1336 1238 plebem,
1366 1183 1460 1223 nul-

104 1243 169 1284 las
215 1243 394 1285 infestas
438 1243 687 1285 hominibus
731 1244 906 1298 bestias,
949 1250 994 1284 ut
1036 1246 1136 1285 sunt
1179 1243 1263 1284 sibi
1300 1241 1458 1283 ferales

103 1302 300 1356 plerique
328 1301 675 1344 Christianorum
709 1306 922 1357 expertus.
985 1317 1195 1357 saepeque
1229 1301 1460 1342 dictitabat

105 1361 260 1402 ‘audite
299 1376 366 1402 me
400 1376 528 1416 quem
559 1361 792 1402 Alamanni
825 1361 1054 1403 audierunt
1093 1364 1136 1402 et
1166 1360 1332 1402 Franci’
1365 1360 1459 1401 imi-

104 1421 189 1462 tari
219 1423 376 1474 putans
397 1420 534 1462 Marci
564 1421 772 1474 principis
793 1420 953 1461 ueteris
974 1420 1148 1462 dictum.
1200 1419 1274 1460 sed
1304 1433 1459 1473 parum

105 1479 294 1521 aduertit
330 1479 412 1520 hoc
444 1480 498 1521 ab
540 1494 588 1521 eo
625 1479 810 1520 nimium
842 1480 1097 1533 discrepare.
1158 1478 1198 1520 5.
1235 1478 1311 1519 ille
1344 1477 1459 1518 enim

105 1553 202 1580 cum
232 1537 527 1580 Palaestinam
559 1539 764 1580 transiret
794 1538 1045 1592 Aegyptum
1076 1541 1239 1592 petens,
1282 1537 1459 1578 Iudaeo-

103 1612 200 1638 rum
231 1597 488 1639 faetentium
521 1601 564 1639 et
596 1597 959 1639 tumultuantium
992 1612 1117 1651 saepe
1148 1596 1292 1638 taedio
1324 1594 1459 1649 perci-

104 1659 174 1697 tus
227 1656 422 1697 dolenter
473 1657 628 1698 dicitur
679 1657 940 1698 exclamasse
985 1656 1019 1698 ‘o
1062 1655 1382 1708 Marcomanni,
1432 1668 1457 1695 o

106 1715 269 1769 Quadi,
320 1730 343 1756 o
390 1714 639 1769 Sarmatae,
688 1715 862 1756 tandem
906 1715 1015 1757 alios
1061 1715 1185 1756 uobis
1230 1713 1458 1755 inertiores

104 1774 274 1815 inueni'.

225 1833 268 1874 6.
304 1833 340 1874 1.
371 1832 455 1874 Per
486 1833 568 1874 hoc
599 1833 712 1874 idem
744 1836 914 1887 tempus
946 1832 1193 1873 rumoribus
1227 1831 1355 1872 exciti
1386 1845 1458 1872 ua-

104 1892 181 1933 riis
214 1891 423 1946 Aegyptii
461 1906 616 1933 uenere
656 1892 894 1946 conplures,
932 1904 1066 1945 genus
1104 1891 1329 1932 hominum
1362 1903 1457 1930 con-

104 1955 351 1992 trouersum
384 1954 426 1992 et
459 1951 738 1992 adsuetudine
776 1950 1022 2004 perplexius
1054 1950 1257 2004 litigandi
1291 1962 1458 2002 semper

104 2009 410 2063 laetissimum,
460 2009 731 2064 maximeque
763 2009 937 2051 auidum
968 2008 1307 2063 multiplicatum
1338 2020 1458 2061 repo-

197 2159 215 2189 1
242 2155 320 2189 coci
349 2154 418 2189 VP
494 2155 664 2198 accipere
689 2164 786 2199 pene
810 2154 916 2199 Pbya
1010 2158 1028 2188 7
1054 2154 1103 2188 ad
1132 2155 1172 2188 in
1208 2153 1275 2188 VP
1306 2153 1352 2187 ad
1382 2152 1456 2187 def*

104 2200 168 2234 uel
191 2200 239 2234 ad
263 2210 343 2234 rem
364 2200 410 2235 ba
470 2204 511 2234 10
537 2199 702 2233 aduertit
726 2198 783 2233 sui
806 2199 842 2233 A
867 2199 1033 2233 adueitit
1058 2199 1092 2234 G
1116 2198 1335 2243 aduer<tit>
1359 2196 1399 2241 bi
1426 2197 1462 2232 V

106 2246 145 2279 et
167 2245 280 2289 plane
305 2244 484 2279 absolutis
512 2245 546 2279 G
639 2248 680 2279 12
705 2245 743 2278 et
775 2244 941 2289 reparari
974 2244 1008 2278 G
1038 2254 1104 2279 om.
1140 2243 1255 2279 VPba
1348 2246 1389 2277 15
1414 2244 1458 2277 ut

106 2290 280 2324 ciuilibus
315 2292 493 2333 transpos.
534 2289 603 2333 bya
696 2293 737 2324 19
772 2289 816 2323 ut
857 2289 942 2326 add.
978 2289 1013 2324 G
1046 2299 1112 2324 om.
1153 2288 1268 2324 VPb‘a
1360 2288 1456 2321 fera-

104 2334 203 2368 libus
231 2334 369 2379 VPbya
437 2339 480 2369 26
506 2345 526 2368 o
554 2334 624 2368 GA
648 2344 714 2369 om.
744 2333 833 2369 VPb
909 2338 952 2369 27
976 2334 1173 2369 inertiores
1196 2334 1254 2369 Pb
1277 2332 1456 2367 inetiores

112 2378 146 2413 V
166 2379 408 2423 inquietiores
436 2379 469 2413 G
495 2378 700 2414 deteriores
723 2379 759 2413 A
782 2379 1000 2414 incertiores
1023 2379 1162 2414 Horkel
