<?xml version="1.0" encoding="UTF-8"?>
<!DOCTYPE html PUBLIC "-//W3C//DTD XHTML 1.0 Transitional//EN"
    "http://www.w3.org/TR/xhtml1/DTD/xhtml1-transitional.dtd">
<html xmlns="http://www.w3.org/1999/xhtml" xml:lang="en" lang="en">
 <head>
  <title>
</title>
<meta http-equiv="Content-Type" content="text/html;charset=utf-8" />
  <meta name='ocr-system' content='tesseract 3.04.00' />
  <meta name='ocr-capabilities' content='ocr_page ocr_carea ocr_par ocr_line ocrx_word'/>
</head>
<body>
  <div class='ocr_page' id='page_1' title='image "./rerumgestarumlib01ammiuoft_0283.png"; bbox 0 0 1614 2549; ppageno 0'>
   <div class='ocr_carea' id='block_1_1' title="bbox 387 101 1446 148">
    <p class='ocr_par' dir='ltr' id='par_1_1' title="bbox 387 101 1446 148">
     <span class='ocr_line' id='line_1_1' title="bbox 387 101 1446 148; baseline 0.009 -11"><span class='ocrx_word' id='word_1_1' title='bbox 387 101 721 137; x_wconf 83' lang='lat' dir='ltr'>CONSTANTIVS</span> <span class='ocrx_word' id='word_1_2' title='bbox 745 102 808 137; x_wconf 87' lang='lat' dir='ltr'>ET</span> <span class='ocrx_word' id='word_1_3' title='bbox 833 102 1066 138; x_wconf 86' lang='lat' dir='ltr'><strong>IVLIANVS</strong></span> <span class='ocrx_word' id='word_1_4' title='bbox 1091 107 1158 139; x_wconf 89' lang='grc'>360</span> <span class='ocrx_word' id='word_1_5' title='bbox 1362 106 1446 148; x_wconf 81' lang='grc'>217</span> 
     </span>
    </p>
   </div>
   <div class='ocr_carea' id='block_1_2' title="bbox 4 196 1448 2012">
    <p class='ocr_par' dir='ltr' id='par_1_2' title="bbox 4 196 1448 2012">
     <span class='ocr_line' id='line_1_2' title="bbox 99 196 1448 252; baseline 0.001 -14"><span class='ocrx_word' id='word_1_6' title='bbox 99 196 242 238; x_wconf 87' lang='lat' dir='ltr'>breue.</span> <span class='ocrx_word' id='word_1_7' title='bbox 304 209 434 250; x_wconf 90' lang='lat' dir='ltr'>equos</span> <span class='ocrx_word' id='word_1_8' title='bbox 466 196 680 249; x_wconf 81' lang='lat' dir='ltr'>praebebo</span> <span class='ocrx_word' id='word_1_9' title='bbox 721 197 910 238; x_wconf 88' lang='lat' dir='ltr'>currules</span> <span class='ocrx_word' id='word_1_10' title='bbox 943 197 1162 252; x_wconf 89' lang='lat' dir='ltr'>Hispanos</span> <span class='ocrx_word' id='word_1_11' title='bbox 1195 200 1238 239; x_wconf 91' lang='lat' dir='ltr'>et</span> <span class='ocrx_word' id='word_1_12' title='bbox 1267 198 1448 252; x_wconf 54' lang='lat' dir='ltr'>misnen&lt;</span> 
     </span>
     <span class='ocr_line' id='line_1_3' title="bbox 100 253 1448 312; baseline 0.004 -17"><span class='ocrx_word' id='word_1_13' title='bbox 100 255 175 296; x_wconf 88' lang='lat' dir='ltr'>dos</span> <span class='ocrx_word' id='word_1_14' title='bbox 197 253 440 296; x_wconf 71' lang='lat' dir='ltr'>Gentilibus</span> <span class='ocrx_word' id='word_1_15' title='bbox 461 256 588 309; x_wconf 88' lang='lat' dir='ltr'>atque</span> <span class='ocrx_word' id='word_1_16' title='bbox 604 254 812 297; x_wconf 82' lang='lat' dir='ltr'>Scutariis</span> <span class='ocrx_word' id='word_1_17' title='bbox 834 256 1126 298; x_wconf 75' lang='lat' dir='ltr'>adulescentes</span> <span class='ocrx_word' id='word_1_18' title='bbox 1145 256 1302 299; x_wconf 87' lang='lat' dir='ltr'>Laetos</span> <span class='ocrx_word' id='word_1_19' title='bbox 1322 271 1448 312; x_wconf 89' lang='lat' dir='ltr'>quos·</span> 
     </span>
     <span class='ocr_line' id='line_1_4' title="bbox 99 312 1445 371; baseline 0.003 -17"><span class='ocrx_word' id='word_1_20' title='bbox 99 313 209 367; x_wconf 88' lang='lat' dir='ltr'>dam,</span> <span class='ocrx_word' id='word_1_21' title='bbox 247 313 307 354; x_wconf 91' lang='lat' dir='ltr'>cis</span> <span class='ocrx_word' id='word_1_22' title='bbox 339 312 538 354; x_wconf 87' lang='lat' dir='ltr'>Rhenum</span> <span class='ocrx_word' id='word_1_23' title='bbox 571 313 729 355; x_wconf 86' lang='lat' dir='ltr'>editam</span> <span class='ocrx_word' id='word_1_24' title='bbox 761 315 1044 356; x_wconf 88' lang='lat' dir='ltr'>barbarorum</span> <span class='ocrx_word' id='word_1_25' title='bbox 1074 316 1338 371; x_wconf 86' lang='lat' dir='ltr'>progeniem,</span> <span class='ocrx_word' id='word_1_26' title='bbox 1375 317 1445 358; x_wconf 88' lang='lat' dir='ltr'>uel</span> 
     </span>
     <span class='ocr_line' id='line_1_5' title="bbox 99 371 1446 426; baseline 0.003 -13"><span class='ocrx_word' id='word_1_27' title='bbox 99 375 214 414; x_wconf 87' lang='lat' dir='ltr'>certe</span> <span class='ocrx_word' id='word_1_28' title='bbox 247 386 297 413; x_wconf 84' lang='lat' dir='ltr'>ex</span> <span class='ocrx_word' id='word_1_29' title='bbox 330 371 542 413; x_wconf 75' lang='lat' dir='ltr'>dediticiis</span> <span class='ocrx_word' id='word_1_30' title='bbox 576 373 649 426; x_wconf 88' lang='lat' dir='ltr'>qui</span> <span class='ocrx_word' id='word_1_31' title='bbox 681 373 733 414; x_wconf 88' lang='lat' dir='ltr'>ad</span> <span class='ocrx_word' id='word_1_32' title='bbox 763 377 914 415; x_wconf 87' lang='lat' dir='ltr'>nostra</span> <span class='ocrx_word' id='word_1_33' title='bbox 945 374 1198 416; x_wconf 85' lang='lat' dir='ltr'>desciscunt.</span> <span class='ocrx_word' id='word_1_34' title='bbox 1260 377 1302 416; x_wconf 90' lang='lat' dir='ltr'>et</span> <span class='ocrx_word' id='word_1_35' title='bbox 1339 375 1446 417; x_wconf 88' lang='lat' dir='ltr'>haec</span> 
     </span>
     <span class='ocr_line' id='line_1_6' title="bbox 61 430 1445 488; baseline 0.003 -17"><span class='ocrx_word' id='word_1_36' title='bbox 61 443 77 469; x_wconf 83' lang='lat'>5</span> <span class='ocrx_word' id='word_1_37' title='bbox 99 430 152 472; x_wconf 88' lang='lat' dir='ltr'>ad</span> <span class='ocrx_word' id='word_1_38' title='bbox 184 445 318 485; x_wconf 91' lang='lat' dir='ltr'>usque</span> <span class='ocrx_word' id='word_1_39' title='bbox 357 431 518 472; x_wconf 85' lang='lat' dir='ltr'>exitum</span> <span class='ocrx_word' id='word_1_40' title='bbox 556 431 672 472; x_wconf 89' lang='lat' dir='ltr'>uitae</span> <span class='ocrx_word' id='word_1_41' title='bbox 710 446 778 472; x_wconf 90' lang='lat' dir='ltr'>me</span> <span class='ocrx_word' id='word_1_42' title='bbox 817 432 1004 486; x_wconf 85' lang='lat' dir='ltr'>spondeo</span> <span class='ocrx_word' id='word_1_43' title='bbox 1035 447 1122 474; x_wconf 92' lang='lat' dir='ltr'>non</span> <span class='ocrx_word' id='word_1_44' title='bbox 1153 433 1279 474; x_wconf 89' lang='lat' dir='ltr'>modo</span> <span class='ocrx_word' id='word_1_45' title='bbox 1319 436 1445 488; x_wconf 88' lang='lat' dir='ltr'>grato</span> 
     </span>
     <span class='ocr_line' id='line_1_7' title="bbox 96 489 1445 546; baseline 0.003 -16"><span class='ocrx_word' id='word_1_46' title='bbox 96 490 248 543; x_wconf 76' lang='lat' dir='ltr'>animo,</span> <span class='ocrx_word' id='word_1_47' title='bbox 278 503 426 530; x_wconf 90' lang='lat' dir='ltr'>uerum</span> <span class='ocrx_word' id='word_1_48' title='bbox 458 489 609 543; x_wconf 89' lang='lat' dir='ltr'>cupido</span> <span class='ocrx_word' id='word_1_49' title='bbox 644 504 810 544; x_wconf 88' lang='lat' dir='ltr'>quoque</span> <span class='ocrx_word' id='word_1_50' title='bbox 841 490 1068 532; x_wconf 89' lang='lat' dir='ltr'>facturum.</span> <span class='ocrx_word' id='word_1_51' title='bbox 1121 492 1185 533; x_wconf 87' lang='lat'>14.</span> <span class='ocrx_word' id='word_1_52' title='bbox 1204 492 1445 546; x_wconf 87' lang='lat' dir='ltr'>praefectos</span> 
     </span>
     <span class='ocr_line' id='line_1_8' title="bbox 95 548 1447 602; baseline 0.004 -14"><span class='ocrx_word' id='word_1_53' title='bbox 95 548 313 602; x_wconf 88' lang='lat' dir='ltr'>praetorio</span> <span class='ocrx_word' id='word_1_54' title='bbox 352 548 568 602; x_wconf 87' lang='lat' dir='ltr'>aequitate</span> <span class='ocrx_word' id='word_1_55' title='bbox 607 551 650 589; x_wconf 90' lang='lat' dir='ltr'>et</span> <span class='ocrx_word' id='word_1_56' title='bbox 688 549 853 590; x_wconf 84' lang='lat' dir='ltr'>meritis</span> <span class='ocrx_word' id='word_1_57' title='bbox 890 552 1017 591; x_wconf 89' lang='lat' dir='ltr'>notos</span> <span class='ocrx_word' id='word_1_58' title='bbox 1056 552 1131 590; x_wconf 89' lang='lat' dir='ltr'>tua</span> <span class='ocrx_word' id='word_1_59' title='bbox 1167 551 1291 592; x_wconf 89' lang='lat' dir='ltr'>nobis</span> <span class='ocrx_word' id='word_1_60' title='bbox 1324 551 1447 593; x_wconf 87' lang='lat' dir='ltr'>dabit</span> 
     </span>
     <span class='ocr_line' id='line_1_9' title="bbox 98 606 1446 663; baseline 0.003 -17"><span class='ocrx_word' id='word_1_61' title='bbox 98 606 337 661; x_wconf 84' lang='lat' dir='ltr'>clementia,</span> <span class='ocrx_word' id='word_1_62' title='bbox 369 607 560 648; x_wconf 87' lang='lat' dir='ltr'>residuos</span> <span class='ocrx_word' id='word_1_63' title='bbox 595 607 834 649; x_wconf 88' lang='lat' dir='ltr'>ordinarios</span> <span class='ocrx_word' id='word_1_64' title='bbox 867 608 1028 650; x_wconf 91' lang='lat' dir='ltr'>iudices</span> <span class='ocrx_word' id='word_1_65' title='bbox 1061 609 1327 663; x_wconf 90' lang='lat' dir='ltr'>militiaeque</span> <span class='ocrx_word' id='word_1_66' title='bbox 1359 624 1446 651; x_wconf 90' lang='lat' dir='ltr'>mo-</span> 
     </span>
     <span class='ocr_line' id='line_1_10' title="bbox 98 665 1447 719; baseline 0.002 -13"><span class='ocrx_word' id='word_1_67' title='bbox 98 665 317 706; x_wconf 86' lang='lat' dir='ltr'>deratores</span> <span class='ocrx_word' id='word_1_68' title='bbox 349 665 665 719; x_wconf 86' lang='lat' dir='ltr'>promouendos</span> <span class='ocrx_word' id='word_1_69' title='bbox 706 667 884 708; x_wconf 86' lang='lat' dir='ltr'>arbitrio</span> <span class='ocrx_word' id='word_1_70' title='bbox 918 681 1012 708; x_wconf 90' lang='lat' dir='ltr'>meo</span> <span class='ocrx_word' id='word_1_71' title='bbox 1046 667 1220 708; x_wconf 89' lang='lat' dir='ltr'>concedi</span> <span class='ocrx_word' id='word_1_72' title='bbox 1252 671 1318 709; x_wconf 88' lang='lat' dir='ltr'>est</span> <span class='ocrx_word' id='word_1_73' title='bbox 1350 682 1447 709; x_wconf 88' lang='lat' dir='ltr'>con-</span> 
     </span>
     <span class='ocr_line' id='line_1_11' title="bbox 45 724 1446 781; baseline 0.003 -17"><span class='ocrx_word' id='word_1_74' title='bbox 45 736 78 762; x_wconf 91' lang='lat'>10</span> <span class='ocrx_word' id='word_1_75' title='bbox 98 726 350 765; x_wconf 88' lang='lat' dir='ltr'>sentaneum</span> <span class='ocrx_word' id='word_1_76' title='bbox 387 724 621 779; x_wconf 88' lang='lat' dir='ltr'>itidemque</span> <span class='ocrx_word' id='word_1_77' title='bbox 667 725 912 779; x_wconf 87' lang='lat' dir='ltr'>stipatores.</span> <span class='ocrx_word' id='word_1_78' title='bbox 985 726 1168 767; x_wconf 89' lang='lat' dir='ltr'>stultum</span> <span class='ocrx_word' id='word_1_79' title='bbox 1212 729 1277 768; x_wconf 87' lang='lat' dir='ltr'>est</span> <span class='ocrx_word' id='word_1_80' title='bbox 1321 727 1446 781; x_wconf 87' lang='lat' dir='ltr'>enim,</span> 
     </span>
     <span class='ocr_line' id='line_1_12' title="bbox 98 783 1446 839; baseline 0.002 -16"><span class='ocrx_word' id='word_1_81' title='bbox 98 796 193 824; x_wconf 89' lang='lat' dir='ltr'>eum</span> <span class='ocrx_word' id='word_1_82' title='bbox 232 785 331 824; x_wconf 88' lang='lat' dir='ltr'>ante</span> <span class='ocrx_word' id='word_1_83' title='bbox 370 783 511 824; x_wconf 84' lang='lat' dir='ltr'>caueri</span> <span class='ocrx_word' id='word_1_84' title='bbox 547 784 686 837; x_wconf 91' lang='lat' dir='ltr'>possit</span> <span class='ocrx_word' id='word_1_85' title='bbox 717 798 769 824; x_wconf 89' lang='lat' dir='ltr'>ne</span> <span class='ocrx_word' id='word_1_86' title='bbox 802 784 891 838; x_wconf 88' lang='lat' dir='ltr'>fiat,</span> <span class='ocrx_word' id='word_1_87' title='bbox 929 799 1001 826; x_wconf 87' lang='lat' dir='ltr'>eos</span> <span class='ocrx_word' id='word_1_88' title='bbox 1034 786 1090 826; x_wconf 75' lang='lat' dir='ltr'>ad</span> <span class='ocrx_word' id='word_1_89' title='bbox 1119 786 1231 826; x_wconf 88' lang='lat' dir='ltr'>latus</span> <span class='ocrx_word' id='word_1_90' title='bbox 1265 785 1446 839; x_wconf 87' lang='lat' dir='ltr'>impera-</span> 
     </span>
     <span class='ocr_line' id='line_1_13' title="bbox 96 841 1448 897; baseline 0.002 -15"><span class='ocrx_word' id='word_1_91' title='bbox 96 841 205 882; x_wconf 87' lang='lat' dir='ltr'>toris</span> <span class='ocrx_word' id='word_1_92' title='bbox 244 842 442 896; x_wconf 88' lang='lat' dir='ltr'>adscisci,</span> <span class='ocrx_word' id='word_1_93' title='bbox 488 856 669 897; x_wconf 89' lang='lat' dir='ltr'>quorum</span> <span class='ocrx_word' id='word_1_94' title='bbox 719 857 859 884; x_wconf 87' lang='lat' dir='ltr'>mores</span> <span class='ocrx_word' id='word_1_95' title='bbox 907 844 1162 897; x_wconf 83' lang='lat' dir='ltr'>ignorantur</span> <span class='ocrx_word' id='word_1_96' title='bbox 1213 847 1255 885; x_wconf 89' lang='lat' dir='ltr'>et</span> <span class='ocrx_word' id='word_1_97' title='bbox 1299 845 1448 885; x_wconf 89' lang='lat' dir='ltr'>uolun-</span> 
     </span>
     <span class='ocr_line' id='line_1_14' title="bbox 95 902 220 942; baseline -0.008 -1"><span class='ocrx_word' id='word_1_98' title='bbox 95 902 220 942; x_wconf 88' lang='lat' dir='ltr'>tates.</span> 
     </span>
     <span class='ocr_line' id='line_1_15' title="bbox 217 958 1446 1002; baseline 0.002 -3"><span class='ocrx_word' id='word_1_99' title='bbox 217 958 283 1000; x_wconf 84' lang='lat'>15.</span> <span class='ocrx_word' id='word_1_100' title='bbox 314 958 410 1000; x_wconf 90' lang='lat' dir='ltr'>Hoc</span> <span class='ocrx_word' id='word_1_101' title='bbox 454 973 555 1000; x_wconf 90' lang='lat' dir='ltr'>sane</span> <span class='ocrx_word' id='word_1_102' title='bbox 600 960 690 1000; x_wconf 89' lang='lat' dir='ltr'>sine</span> <span class='ocrx_word' id='word_1_103' title='bbox 729 960 818 1001; x_wconf 89' lang='lat' dir='ltr'>ulla</span> <span class='ocrx_word' id='word_1_104' title='bbox 857 960 1126 1002; x_wconf 75' lang='lat' dir='ltr'>dubitatione</span> <span class='ocrx_word' id='word_1_105' title='bbox 1167 960 1446 1002; x_wconf 89' lang='lat' dir='ltr'>firmauerim:</span> 
     </span>
     <span class='ocr_line' id='line_1_16' title="bbox 43 1017 1447 1073; baseline 0.002 -16"><span class='ocrx_word' id='word_1_106' title='bbox 43 1029 76 1055; x_wconf 81' lang='grc'>15</span> <span class='ocrx_word' id='word_1_107' title='bbox 96 1017 259 1058; x_wconf 89' lang='lat' dir='ltr'>tirones</span> <span class='ocrx_word' id='word_1_108' title='bbox 293 1017 346 1058; x_wconf 85' lang='lat' dir='ltr'>ad</span> <span class='ocrx_word' id='word_1_109' title='bbox 376 1018 606 1071; x_wconf 87' lang='lat' dir='ltr'>peregrina</span> <span class='ocrx_word' id='word_1_110' title='bbox 639 1021 682 1059; x_wconf 87' lang='lat' dir='ltr'>et</span> <span class='ocrx_word' id='word_1_111' title='bbox 713 1018 951 1073; x_wconf 88' lang='lat' dir='ltr'>longinqua</span> <span class='ocrx_word' id='word_1_112' title='bbox 983 1018 1098 1060; x_wconf 85' lang='lat' dir='ltr'>Galli</span> <span class='ocrx_word' id='word_1_113' title='bbox 1136 1020 1320 1073; x_wconf 88' lang='lat' dir='ltr'>mittere,</span> <span class='ocrx_word' id='word_1_114' title='bbox 1359 1020 1447 1061; x_wconf 90' lang='lat' dir='ltr'>diu-</span> 
     </span>
     <span class='ocr_line' id='line_1_17' title="bbox 95 1077 1447 1132; baseline 0.002 -16"><span class='ocrx_word' id='word_1_115' title='bbox 95 1078 224 1117; x_wconf 89' lang='lat' dir='ltr'>turna</span> <span class='ocrx_word' id='word_1_116' title='bbox 253 1077 577 1130; x_wconf 79' lang='lat' dir='ltr'>perturbatione</span> <span class='ocrx_word' id='word_1_117' title='bbox 599 1077 851 1132; x_wconf 82' lang='lat' dir='ltr'>casibusque</span> <span class='ocrx_word' id='word_1_118' title='bbox 877 1079 1022 1119; x_wconf 81' lang='lat' dir='ltr'>uexati</span> <span class='ocrx_word' id='word_1_119' title='bbox 1054 1078 1337 1132; x_wconf 87' lang='lat' dir='ltr'>grauissimis,</span> <span class='ocrx_word' id='word_1_120' title='bbox 1368 1093 1447 1120; x_wconf 89' lang='lat' dir='ltr'>nec</span> 
     </span>
     <span class='ocr_line' id='line_1_18' title="bbox 97 1136 1445 1191; baseline 0.002 -16"><span class='ocrx_word' id='word_1_121' title='bbox 97 1136 248 1188; x_wconf 88' lang='lat' dir='ltr'>sponte</span> <span class='ocrx_word' id='word_1_122' title='bbox 282 1150 359 1176; x_wconf 88' lang='lat' dir='ltr'>sua</span> <span class='ocrx_word' id='word_1_123' title='bbox 389 1138 594 1189; x_wconf 86' lang='lat' dir='ltr'>poterunt</span> <span class='ocrx_word' id='word_1_124' title='bbox 625 1150 703 1176; x_wconf 89' lang='lat' dir='ltr'>nec</span> <span class='ocrx_word' id='word_1_125' title='bbox 736 1137 884 1190; x_wconf 86' lang='lat' dir='ltr'>coacti,</span> <span class='ocrx_word' id='word_1_126' title='bbox 915 1151 968 1177; x_wconf 91' lang='lat' dir='ltr'>ne</span> <span class='ocrx_word' id='word_1_127' title='bbox 989 1140 1243 1191; x_wconf 83' lang='lat' dir='ltr'>consumpta</span> <span class='ocrx_word' id='word_1_128' title='bbox 1274 1137 1445 1191; x_wconf 88' lang='lat' dir='ltr'>penitus</span> 
     </span>
     <span class='ocr_line' id='line_1_19' title="bbox 95 1193 1447 1249; baseline 0.001 -15"><span class='ocrx_word' id='word_1_129' title='bbox 95 1193 339 1248; x_wconf 88' lang='lat' dir='ltr'>iuuentute,</span> <span class='ocrx_word' id='word_1_130' title='bbox 381 1197 429 1235; x_wconf 70' lang='lat' dir='ltr'>ut</span> <span class='ocrx_word' id='word_1_131' title='bbox 471 1194 733 1248; x_wconf 87' lang='lat' dir='ltr'>adfliguntur</span> <span class='ocrx_word' id='word_1_132' title='bbox 774 1195 1012 1249; x_wconf 88' lang='lat' dir='ltr'>praeterita</span> <span class='ocrx_word' id='word_1_133' title='bbox 1054 1196 1340 1249; x_wconf 81' lang='lat' dir='ltr'>recordantes,</span> <span class='ocrx_word' id='word_1_134' title='bbox 1383 1196 1447 1237; x_wconf 87' lang='lat' dir='ltr'>ita</span> 
     </span>
     <span class='ocr_line' id='line_1_20' title="bbox 96 1251 1445 1307; baseline 0.002 -15"><span class='ocrx_word' id='word_1_135' title='bbox 96 1251 393 1305; x_wconf 81' lang='lat' dir='ltr'>desperatione</span> <span class='ocrx_word' id='word_1_136' title='bbox 424 1255 600 1306; x_wconf 87' lang='lat' dir='ltr'>pereant</span> <span class='ocrx_word' id='word_1_137' title='bbox 631 1253 966 1307; x_wconf 85' lang='lat' dir='ltr'>inpendentium.</span> <span class='ocrx_word' id='word_1_138' title='bbox 1031 1254 1096 1295; x_wconf 86' lang='grc'>16.</span> <span class='ocrx_word' id='word_1_139' title='bbox 1127 1268 1204 1295; x_wconf 88' lang='grc'>1100</span> <span class='ocrx_word' id='word_1_140' title='bbox 1230 1253 1445 1296; x_wconf 86' lang='lat' dir='ltr'>Parthicis</span> 
     </span>
     <span class='ocr_line' id='line_1_21' title="bbox 42 1311 1448 1366; baseline 0.003 -17"><span class='ocrx_word' id='word_1_141' title='bbox 42 1323 76 1348; x_wconf 87' lang='lat'>20</span> <span class='ocrx_word' id='word_1_142' title='bbox 97 1311 298 1365; x_wconf 88' lang='lat' dir='ltr'>gentibus</span> <span class='ocrx_word' id='word_1_143' title='bbox 332 1311 584 1365; x_wconf 88' lang='lat' dir='ltr'>opponenda</span> <span class='ocrx_word' id='word_1_144' title='bbox 604 1312 765 1353; x_wconf 82' lang='lat' dir='ltr'>auxilia</span> <span class='ocrx_word' id='word_1_145' title='bbox 796 1312 895 1353; x_wconf 87' lang='lat' dir='ltr'>hinc</span> <span class='ocrx_word' id='word_1_146' title='bbox 917 1313 1045 1353; x_wconf 87' lang='lat' dir='ltr'>acciri</span> <span class='ocrx_word' id='word_1_147' title='bbox 1077 1312 1312 1366; x_wconf 88' lang='lat' dir='ltr'>conueniet,</span> <span class='ocrx_word' id='word_1_148' title='bbox 1350 1327 1448 1353; x_wconf 88' lang='lat' dir='ltr'>cum</span> 
     </span>
     <span class='ocr_line' id='line_1_22' title="bbox 96 1369 1446 1424; baseline 0.001 -14"><span class='ocrx_word' id='word_1_149' title='bbox 96 1369 234 1411; x_wconf 83' lang='lat' dir='ltr'>adhuc</span> <span class='ocrx_word' id='word_1_150' title='bbox 265 1384 344 1410; x_wconf 90' lang='lat' dir='ltr'>nec</span> <span class='ocrx_word' id='word_1_151' title='bbox 374 1369 592 1411; x_wconf 87' lang='lat' dir='ltr'>barbarici</span> <span class='ocrx_word' id='word_1_152' title='bbox 613 1370 701 1411; x_wconf 89' lang='lat' dir='ltr'>sint</span> <span class='ocrx_word' id='word_1_153' title='bbox 732 1371 916 1424; x_wconf 84' lang='lat' dir='ltr'>impetus</span> <span class='ocrx_word' id='word_1_154' title='bbox 950 1371 1174 1412; x_wconf 85' lang='lat' dir='ltr'>interclusi</span> <span class='ocrx_word' id='word_1_155' title='bbox 1207 1374 1261 1424; x_wconf 89' lang='lat' dir='ltr'>et,</span> <span class='ocrx_word' id='word_1_156' title='bbox 1293 1371 1330 1412; x_wconf 87' lang='lat' dir='ltr'>si</span> <span class='ocrx_word' id='word_1_157' title='bbox 1361 1371 1446 1412; x_wconf 87' lang='lat' dir='ltr'>dici</span> 
     </span>
     <span class='ocr_line' id='line_1_23' title="bbox 96 1428 1445 1483; baseline 0.001 -14"><span class='ocrx_word' id='word_1_158' title='bbox 96 1428 209 1482; x_wconf 88' lang='lat' dir='ltr'>quod</span> <span class='ocrx_word' id='word_1_159' title='bbox 240 1443 390 1469; x_wconf 90' lang='lat' dir='ltr'>uerum</span> <span class='ocrx_word' id='word_1_160' title='bbox 411 1431 478 1469; x_wconf 89' lang='lat' dir='ltr'>est</span> <span class='ocrx_word' id='word_1_161' title='bbox 508 1429 685 1483; x_wconf 85' lang='lat' dir='ltr'>pateris,</span> <span class='ocrx_word' id='word_1_162' title='bbox 716 1429 796 1470; x_wconf 88' lang='lat' dir='ltr'>hae</span> <span class='ocrx_word' id='word_1_163' title='bbox 827 1430 1075 1483; x_wconf 85' lang='lat' dir='ltr'>prouinciae</span> <span class='ocrx_word' id='word_1_164' title='bbox 1101 1429 1229 1471; x_wconf 88' lang='lat' dir='ltr'>malis</span> <span class='ocrx_word' id='word_1_165' title='bbox 1260 1429 1445 1471; x_wconf 88' lang='lat' dir='ltr'>iactatae</span> 
     </span>
     <span class='ocr_line' id='line_1_24' title="bbox 96 1487 1386 1541; baseline 0.002 -14"><span class='ocrx_word' id='word_1_166' title='bbox 96 1487 310 1528; x_wconf 86' lang='lat' dir='ltr'>continuis</span> <span class='ocrx_word' id='word_1_167' title='bbox 344 1487 532 1528; x_wconf 85' lang='lat' dir='ltr'>externis</span> <span class='ocrx_word' id='word_1_168' title='bbox 563 1487 789 1541; x_wconf 80' lang='lat' dir='ltr'>indigeant</span> <span class='ocrx_word' id='word_1_169' title='bbox 821 1488 1080 1529; x_wconf 88' lang='lat' dir='ltr'>adiumentis</span> <span class='ocrx_word' id='word_1_170' title='bbox 1113 1491 1155 1529; x_wconf 88' lang='lat' dir='ltr'>et</span> <span class='ocrx_word' id='word_1_171' title='bbox 1186 1488 1386 1529; x_wconf 83' lang='lat' dir='ltr'>fortibus.</span> 
     </span>
     <span class='ocr_line' id='line_1_25' title="bbox 216 1545 1447 1601; baseline 0.001 -15"><span class='ocrx_word' id='word_1_172' title='bbox 216 1546 281 1586; x_wconf 77' lang='lat'>17.</span> <span class='ocrx_word' id='word_1_173' title='bbox 313 1545 431 1587; x_wconf 90' lang='lat' dir='ltr'>Haec</span> <span class='ocrx_word' id='word_1_174' title='bbox 462 1545 687 1599; x_wconf 82' lang='lat' dir='ltr'>hortando,</span> <span class='ocrx_word' id='word_1_175' title='bbox 718 1549 766 1587; x_wconf 87' lang='lat' dir='ltr'>ut</span> <span class='ocrx_word' id='word_1_176' title='bbox 787 1548 979 1601; x_wconf 83' lang='lat' dir='ltr'>aestimo,</span> <span class='ocrx_word' id='word_1_177' title='bbox 1012 1547 1260 1588; x_wconf 87' lang='lat' dir='ltr'>salutariter</span> <span class='ocrx_word' id='word_1_178' title='bbox 1292 1547 1447 1600; x_wconf 89' lang='lat' dir='ltr'>scripsi</span> 
     </span>
     <span class='ocr_line' id='line_1_26' title="bbox 42 1605 1446 1660; baseline 0.002 -17"><span class='ocrx_word' id='word_1_179' title='bbox 42 1617 76 1642; x_wconf 83' lang='lat'>25</span> <span class='ocrx_word' id='word_1_180' title='bbox 94 1618 275 1658; x_wconf 89' lang='lat' dir='ltr'>poscens</span> <span class='ocrx_word' id='word_1_181' title='bbox 308 1607 351 1646; x_wconf 86' lang='lat' dir='ltr'>et</span> <span class='ocrx_word' id='word_1_182' title='bbox 381 1618 554 1659; x_wconf 80' lang='lat' dir='ltr'>rogans,</span> <span class='ocrx_word' id='word_1_183' title='bbox 614 1605 702 1646; x_wconf 90' lang='lat' dir='ltr'>scio</span> <span class='ocrx_word' id='word_1_184' title='bbox 736 1606 861 1660; x_wconf 88' lang='grc'>0111111,</span> <span class='ocrx_word' id='word_1_185' title='bbox 900 1606 999 1660; x_wconf 87' lang='lat' dir='ltr'>scio,</span> <span class='ocrx_word' id='word_1_186' title='bbox 1035 1605 1194 1659; x_wconf 79' lang='lat' dir='ltr'>nequid</span> <span class='ocrx_word' id='word_1_187' title='bbox 1231 1605 1446 1647; x_wconf 87' lang='lat' dir='ltr'>sublatius</span> 
     </span>
     <span class='ocr_line' id='line_1_27' title="bbox 95 1663 1445 1719; baseline 0.001 -16"><span class='ocrx_word' id='word_1_188' title='bbox 95 1663 234 1704; x_wconf 89' lang='lat' dir='ltr'>dicam</span> <span class='ocrx_word' id='word_1_189' title='bbox 267 1677 362 1704; x_wconf 87' lang='lat' dir='ltr'>cum</span> <span class='ocrx_word' id='word_1_190' title='bbox 393 1663 574 1717; x_wconf 90' lang='lat' dir='ltr'>imperio</span> <span class='ocrx_word' id='word_1_191' title='bbox 596 1677 848 1718; x_wconf 80' lang='lat' dir='ltr'>congruens,</span> <span class='ocrx_word' id='word_1_192' title='bbox 881 1679 984 1719; x_wconf 84' lang='lat' dir='ltr'>quas</span> <span class='ocrx_word' id='word_1_193' title='bbox 1010 1679 1154 1705; x_wconf 86' lang='lat' dir='ltr'>rerum</span> <span class='ocrx_word' id='word_1_194' title='bbox 1186 1664 1445 1705; x_wconf 86' lang='lat' dir='ltr'>acerbitates</span> 
     </span>
     <span class='ocr_line' id='line_1_28' title="bbox 94 1722 1447 1776; baseline 0.001 -14"><span class='ocrx_word' id='word_1_195' title='bbox 94 1722 182 1763; x_wconf 87' lang='lat' dir='ltr'>iam</span> <span class='ocrx_word' id='word_1_196' title='bbox 220 1722 509 1763; x_wconf 88' lang='lat' dir='ltr'>conclamatas</span> <span class='ocrx_word' id='word_1_197' title='bbox 549 1725 592 1763; x_wconf 87' lang='lat' dir='ltr'>et</span> <span class='ocrx_word' id='word_1_198' title='bbox 633 1723 824 1776; x_wconf 86' lang='lat' dir='ltr'>perditas</span> <span class='ocrx_word' id='word_1_199' title='bbox 864 1723 1089 1765; x_wconf 86' lang='lat' dir='ltr'>concordia</span> <span class='ocrx_word' id='word_1_200' title='bbox 1128 1723 1317 1764; x_wconf 86' lang='lat' dir='ltr'>uicissim</span> <span class='ocrx_word' id='word_1_201' title='bbox 1361 1722 1447 1763; x_wconf 86' lang='lat' dir='ltr'>sibi</span> 
     </span>
     <span class='ocr_line' id='line_1_29' title="bbox 95 1780 1448 1835; baseline -0.001 -13"><span class='ocrx_word' id='word_1_202' title='bbox 95 1780 335 1822; x_wconf 84' lang='lat' dir='ltr'>cedentium</span> <span class='ocrx_word' id='word_1_203' title='bbox 372 1781 614 1835; x_wconf 86' lang='lat' dir='ltr'>principum</span> <span class='ocrx_word' id='word_1_204' title='bbox 652 1781 875 1823; x_wconf 89' lang='lat' dir='ltr'>meliorem</span> <span class='ocrx_word' id='word_1_205' title='bbox 919 1782 1139 1823; x_wconf 86' lang='lat' dir='ltr'>reuocauit</span> <span class='ocrx_word' id='word_1_206' title='bbox 1183 1783 1228 1823; x_wconf 91' lang='lat' dir='ltr'>in</span> <span class='ocrx_word' id='word_1_207' title='bbox 1271 1784 1448 1835; x_wconf 87' lang='lat' dir='ltr'>statum,</span> 
     </span>
     <span class='ocr_line' id='line_1_30' title="bbox 96 1840 1448 1894; baseline 0 -14"><span class='ocrx_word' id='word_1_208' title='bbox 96 1853 192 1880; x_wconf 87' lang='lat' dir='ltr'>cum</span> <span class='ocrx_word' id='word_1_209' title='bbox 229 1842 437 1894; x_wconf 88' lang='lat' dir='ltr'>appareat</span> <span class='ocrx_word' id='word_1_210' title='bbox 473 1840 684 1881; x_wconf 87' lang='lat' dir='ltr'>maiorum</span> <span class='ocrx_word' id='word_1_211' title='bbox 729 1841 922 1894; x_wconf 82' lang='lat' dir='ltr'>exemplo</span> <span class='ocrx_word' id='word_1_212' title='bbox 965 1843 1212 1882; x_wconf 87' lang='lat' dir='ltr'>nostrorum</span> <span class='ocrx_word' id='word_1_213' title='bbox 1255 1840 1448 1881; x_wconf 89' lang='lat' dir='ltr'>modera-</span> 
     </span>
     <span class='ocr_line' id='line_1_31' title="bbox 42 1898 1446 1953; baseline 0.001 -16"><span class='ocrx_word' id='word_1_214' title='bbox 42 1910 76 1937; x_wconf 87' lang='lat'>30</span> <span class='ocrx_word' id='word_1_215' title='bbox 95 1899 212 1939; x_wconf 89' lang='lat' dir='ltr'>tores</span> <span class='ocrx_word' id='word_1_216' title='bbox 256 1898 362 1940; x_wconf 87' lang='lat' dir='ltr'>haec</span> <span class='ocrx_word' id='word_1_217' title='bbox 406 1901 450 1940; x_wconf 91' lang='lat' dir='ltr'>et</span> <span class='ocrx_word' id='word_1_218' title='bbox 493 1898 653 1939; x_wconf 87' lang='lat' dir='ltr'>similia</span> <span class='ocrx_word' id='word_1_219' title='bbox 691 1899 945 1953; x_wconf 82' lang='lat' dir='ltr'>cogitantes,</span> <span class='ocrx_word' id='word_1_220' title='bbox 981 1899 1199 1940; x_wconf 83' lang='lat' dir='ltr'>fortunate</span> <span class='ocrx_word' id='word_1_221' title='bbox 1236 1899 1446 1952; x_wconf 89' lang='lat' dir='ltr'>beateque</span> 
     </span>
     <span class='ocr_line' id='line_1_32' title="bbox 4 1956 1448 2012; baseline -0.001 -14"><span class='ocrx_word' id='word_1_222' title='bbox 4 1961 6 1963; x_wconf 75' lang='grc'><strong><em>’</em></strong></span> <span class='ocrx_word' id='word_1_223' title='bbox 96 1956 270 1998; x_wconf 91' lang='lat' dir='ltr'>uiuendi</span> <span class='ocrx_word' id='word_1_224' title='bbox 300 1957 489 2012; x_wconf 86' lang='lat' dir='ltr'>reperire</span> <span class='ocrx_word' id='word_1_225' title='bbox 523 1957 706 2012; x_wconf 88' lang='lat' dir='ltr'>quodam</span> <span class='ocrx_word' id='word_1_226' title='bbox 737 1957 862 1999; x_wconf 86' lang='lat' dir='ltr'>modo</span> <span class='ocrx_word' id='word_1_227' title='bbox 896 1958 1022 2011; x_wconf 88' lang='lat' dir='ltr'>uiam,</span> <span class='ocrx_word' id='word_1_228' title='bbox 1063 1962 1105 1999; x_wconf 90' lang='lat' dir='ltr'>et</span> <span class='ocrx_word' id='word_1_229' title='bbox 1145 1957 1299 1998; x_wconf 88' lang='lat' dir='ltr'>ultimo</span> <span class='ocrx_word' id='word_1_230' title='bbox 1340 1959 1448 1998; x_wconf 87' lang='lat' dir='ltr'>tem-</span> 
     </span>
    </p>
   </div>
   <div class='ocr_carea' id='block_1_3' title="bbox 95 2159 1448 2427">
    <p class='ocr_par' dir='ltr' id='par_1_3' title="bbox 95 2159 1448 2427">
     <span class='ocr_line' id='line_1_33' title="bbox 188 2159 1448 2210; baseline 0 -17"><span class='ocrx_word' id='word_1_231' title='bbox 188 2162 204 2192; x_wconf 92' lang='lat'>1</span> <span class='ocrx_word' id='word_1_232' title='bbox 229 2159 404 2210; x_wconf 82' lang='lat' dir='ltr'>hispanos</span> <span class='ocrx_word' id='word_1_233' title='bbox 429 2159 473 2203; x_wconf 69' lang='lat' dir='ltr'>by</span> <span class='ocrx_word' id='word_1_234' title='bbox 496 2170 649 2204; x_wconf 82' lang='lat' dir='ltr'>sparnos</span> <span class='ocrx_word' id='word_1_235' title='bbox 676 2159 782 2193; x_wconf 83' lang='lat' dir='ltr'>VAP</span> <span class='ocrx_word' id='word_1_236' title='bbox 850 2163 870 2193; x_wconf 87' lang='lat'>6</span> <span class='ocrx_word' id='word_1_237' title='bbox 895 2160 1019 2194; x_wconf 86' lang='lat' dir='ltr'>animo</span> <span class='ocrx_word' id='word_1_238' title='bbox 1047 2159 1081 2193; x_wconf 82' lang='lat' dir='ltr'><em>G</em></span> <span class='ocrx_word' id='word_1_239' title='bbox 1104 2169 1170 2194; x_wconf 83' lang='lat' dir='ltr'>om.</span> <span class='ocrx_word' id='word_1_240' title='bbox 1201 2159 1315 2195; x_wconf 83' lang='lat' dir='ltr'>VPba</span> <span class='ocrx_word' id='word_1_241' title='bbox 1384 2170 1448 2194; x_wconf 86' lang='lat' dir='ltr'>eu-</span> 
     </span>
     <span class='ocr_line' id='line_1_34' title="bbox 95 2203 1446 2284; baseline 0 -2"><span class='ocrx_word' id='word_1_242' title='bbox 95 2203 553 2283; x_wconf 50' lang='lat' dir='ltr'>pidiaffisfflilffl‘toffi&#39;fflm</span> <span class='ocrx_word' id='word_1_243' title='bbox 590 2204 1020 2284; x_wconf 41' lang='lat' dir='ltr'>&amp;pefffflaiuiutmff</span> <span class='ocrx_word' id='word_1_244' title='bbox 1028 2204 1084 2284; x_wconf 59' lang='lat' dir='ltr'>lg</span> <span class='ocrx_word' id='word_1_245' title='bbox 1094 2214 1160 2283; x_wconf 59' lang='grc' dir='ltr'>ἔζη</span> <span class='ocrx_word' id='word_1_246' title='bbox 1163 2204 1300 2284; x_wconf 44' lang='lat'>9²²⁹&amp;</span> <span class='ocrx_word' id='word_1_247' title='bbox 1323 2207 1446 2283; x_wconf 60' lang='grc' dir='ltr'>1ιὲἔὲοῗ</span> 
     </span>
     <span class='ocr_line' id='line_1_35' title="bbox 96 2259 1445 2371; baseline 0 -44"><span class='ocrx_word' id='word_1_248' title='bbox 96 2259 326 2338; x_wconf 55' lang='grc' dir='ltr'>ξ191101001111</span> <span class='ocrx_word' id='word_1_249' title='bbox 353 2293 459 2328; x_wconf 83' lang='lat' dir='ltr'>VAP</span> <span class='ocrx_word' id='word_1_250' title='bbox 490 2295 643 2371; x_wconf 81' lang='lat' dir='ltr'>lereunt</span> <span class='ocrx_word' id='word_1_251' title='bbox 669 2293 703 2327; x_wconf 83' lang='lat' dir='ltr'><strong><em>G</em></strong></span> <span class='ocrx_word' id='word_1_252' title='bbox 726 2303 794 2332; x_wconf 88' lang='lat' dir='ltr'>om</span> <span class='ocrx_word' id='word_1_253' title='bbox 819 2293 840 2329; x_wconf 79' lang='lat' dir='ltr'><strong><em>b</em></strong></span> <span class='ocrx_word' id='word_1_254' title='bbox 912 2260 975 2328; x_wconf 64' lang='grc'>920</span> <span class='ocrx_word' id='word_1_255' title='bbox 998 2295 1199 2328; x_wconf 87' lang='lat' dir='ltr'>conueniet</span> <span class='ocrx_word' id='word_1_256' title='bbox 1226 2293 1333 2328; x_wconf 77' lang='lat' dir='ltr'>VGP</span> <span class='ocrx_word' id='word_1_257' title='bbox 1361 2304 1445 2327; x_wconf 90' lang='lat' dir='ltr'>con-</span> 
     </span>
     <span class='ocr_line' id='line_1_36' title="bbox 95 2305 1445 2384; baseline 0 -13"><span class='ocrx_word' id='word_1_258' title='bbox 95 2305 245 2373; x_wconf 84' lang='lat' dir='ltr'>ueniret</span> <span class='ocrx_word' id='word_1_259' title='bbox 268 2338 311 2373; x_wconf 82' lang='lat' dir='ltr'>ba</span> <span class='ocrx_word' id='word_1_260' title='bbox 357 2341 400 2373; x_wconf 80' lang='lat'>23</span> <span class='ocrx_word' id='word_1_261' title='bbox 424 2339 462 2372; x_wconf 92' lang='lat' dir='ltr'>in</span> <span class='ocrx_word' id='word_1_262' title='bbox 504 2344 620 2382; x_wconf 83' lang='lat' dir='ltr'>geant</span> <span class='ocrx_word' id='word_1_263' title='bbox 646 2338 680 2373; x_wconf 77' lang='lat' dir='ltr'><em>G</em></span> <span class='ocrx_word' id='word_1_264' title='bbox 703 2338 876 2384; x_wconf 78' lang='lat' dir='ltr'>indigent</span> <span class='ocrx_word' id='word_1_265' title='bbox 900 2339 944 2374; x_wconf 84' lang='lat' dir='ltr'>ba</span> <span class='ocrx_word' id='word_1_266' title='bbox 959 2338 1147 2384; x_wconf 86' lang='lat' dir='ltr'>indigenti</span> <span class='ocrx_word' id='word_1_267' title='bbox 1165 2338 1233 2374; x_wconf 87' lang='lat' dir='ltr'>VP</span> <span class='ocrx_word' id='word_1_268' title='bbox 1272 2342 1314 2374; x_wconf 81' lang='lat'>29</span> <span class='ocrx_word' id='word_1_269' title='bbox 1331 2348 1445 2383; x_wconf 81' lang='lat' dir='ltr'>appa-</span> 
     </span>
     <span class='ocr_line' id='line_1_37' title="bbox 95 2382 586 2427; baseline 0.002 -10"><span class='ocrx_word' id='word_1_270' title='bbox 95 2383 178 2417; x_wconf 84' lang='lat' dir='ltr'>reat</span> <span class='ocrx_word' id='word_1_271' title='bbox 206 2383 313 2427; x_wconf 73' lang='lat' dir='ltr'>Pbya</span> <span class='ocrx_word' id='word_1_272' title='bbox 342 2388 523 2427; x_wconf 84' lang='lat' dir='ltr'>appereat</span> <span class='ocrx_word' id='word_1_273' title='bbox 552 2382 586 2418; x_wconf 89' lang='lat' dir='ltr'><strong><em>V</em></strong></span> 
     </span>
    </p>
   </div>
  </div>
 </body>
</html>
