1614 2549
329 63 664 100 CONSTANTIVS
689 65 751 100 ΕΤ
777 64 1009 101 1VL1ANVS
1035 69 1101 102 357
1334 68 1386 110 97

40 159 264 215 opimitate
293 158 550 212 praedarum
582 158 738 213 onusti,
770 159 889 201 cuius
920 163 1088 213 partem
1119 160 1164 202 ui
1200 160 1390 203 fluminis

41 218 286 271 amiserunt,
305 216 470 258 rediere
485 231 633 258 omnes
652 217 901 259 incolumes.
926 218 990 259 10.
1004 218 1170 274 hocque
1185 224 1388 274 conperto

39 276 198 318 residui
219 275 434 329 Germani,
465 278 513 317 ut
544 275 675 317 infido
708 276 923 329 praesidio
956 277 1194 319 insularum
1224 279 1389 332 relicto,

41 335 93 376 ad
123 334 330 378 ulteriora
359 334 695 376 necessitudines
729 337 771 376 et
802 335 948 389 fruges
981 349 1166 391 opesque
1198 337 1390 379 barbari-

41 407 110 435 cas
130 393 416 434 contulerunt.
448 393 513 433 11.
535 407 764 434 conuersus
784 393 885 434 hinc
904 393 1097 435 Iulianus
1119 395 1173 436 ad
1191 410 1391 450 reparan-

39 451 113 493 das
152 450 258 493 Tres
295 452 519 505 tabernas,
563 451 877 493 munimentum
920 452 984 493 ita
1028 454 1390 509 cognominatum,

37 509 144 551 haut
186 510 249 551 ita
292 510 449 551 dudum
493 510 785 552 obstinatione
835 511 1088 552 subuersum
1138 511 1291 554 hostili
1334 538 1390 543 -—

39 582 122 622 quo
155 568 379 610 aedificato
413 568 640 610 constabat
672 569 725 610 ad
756 569 911 610 intima
931 568 1183 625 Galliarum,
1214 575 1264 613 ut
1295 586 1391 614 con-

39 629 279 680 sueuerant,
299 626 416 668 adire
431 626 670 668 Germanos
691 628 827 669 arceri
847 652 902 657 —-
923 630 966 669 et
986 642 1092 682 opus
1114 643 1189 683 spe
1210 630 1390 672 celerius

38 686 355 727 consummauit
392 689 435 727 et
471 686 634 727 uictum
673 686 969 728 defensoribus
1007 687 1069 728 ibi
1107 688 1297 730 locandis
1340 704 1391 731 ex

37 743 274 785 barbaricis
313 744 526 786 messibus
564 759 652 786 non
690 745 780 786 sine
815 745 1076 787 discriminis
1112 749 1233 788 metu
1265 747 1391 790 colle·

38 805 153 844 ctum
173 802 327 844 militis
347 818 476 844 manu
496 803 686 845 condidit
706 804 758 845 ad
778 818 879 845 usus
901 805 1001 844 anni
1031 805 1179 846 totius.
1221 806 1286 847 12.
1312 821 1390 848 nee

38 875 139 903 sane
183 861 263 903 hoc
308 862 400 903 solo
439 864 666 903 contentus
711 863 795 904 sibi
834 876 1000 917 quoque
1032 863 1192 917 uiginti
1224 864 1388 906 dierum

39 919 246 961 alimenta
285 923 440 974 parata
483 921 671 974 collegit.
745 921 951 962 libentius
996 922 1108 962 enim
1153 922 1390 964 bellatores

0 991 20 1037 Ὶ5
38 979 232 1032 quaesito
277 979 462 1020 dexteris
506 980 693 1033 propriis
737 980 970 1021 utebantur
1015 980 1242 1022 admodum
1286 982 1391 1023 indi-

39 1037 173 1091 gnati,
205 1038 408 1092 quoniam
440 1052 491 1079 ex
523 1041 776 1091 commeatu,
809 1038 881 1092 qui
914 1038 974 1079 eis
1007 1053 1154 1080 recens
1188 1040 1390 1082 aduectus

38 1098 121 1150 est,
161 1071 257 1137 ideo
296 1096 407 1137 nihil
447 1111 613 1138 sumere
651 1100 886 1151 potuerunt
931 1097 1043 1151 quod
1087 1100 1256 1151 partem
1300 1100 1390 1141 eius

37 1153 258 1208 Barbatio,
300 1170 398 1196 cum
441 1156 646 1197 transiret
690 1156 825 1209 iuxta,
871 1156 1052 1209 superbe
1084 1158 1390 1211 praesumpsit.

37 1213 256 1255 residuum
289 1215 401 1268 quod
434 1215 645 1268 superfuit
677 1217 930 1268 congestum
961 1215 1007 1254 in
1039 1229 1239 1256 aceruum
1272 1231 1391 1258 exus-

1 1285 18 1311 o
37 1272 108 1327 sit,
140 1287 247 1326 quae
280 1276 425 1314 utrum
457 1277 505 1314 ut
536 1288 672 1315 uanus
706 1274 886 1328 gerebat
918 1276 962 1314 et
981 1273 1168 1327 demens,
1201 1289 1256 1316 an
1275 1289 1392 1317 man-

38 1331 139 1372 datu
183 1331 390 1385 principis
433 1332 693 1373 confidenter
706 1308 922 1372 Dnefanda
964 1332 1102 1373 multa
1146 1333 1392 1387 temptabat

37 1403 169 1444 usque
190 1390 236 1430 in
254 1390 298 1431 id
317 1391 526 1445 temporis
545 1391 685 1432 latuit.
709 1391 774 1431 13.
795 1390 902 1431 illud
921 1393 1068 1431 tamen
1081 1405 1252 1432 rumore
1266 1395 1390 1434 tenus

37 1448 194 1503 ubique
225 1448 468 1490 iactabatur
500 1450 612 1504 quod
638 1449 830 1491 Iulianus
862 1463 949 1490 11011
980 1449 1201 1491 leuaturus
1234 1451 1391 1492 incom-

37 1506 164 1548 moda
201 1506 443 1549 Galliarum
481 1509 641 1550 electus
681 1511 758 1561 est,
800 1508 872 1548 sed
910 1510 958 1549 ut
994 1508 1133 1562 possit
1163 1523 1238 1562 per
1275 1510 1392 1551 bella

0 1578 20 1605 =5
40 1565 171 1608 deleri
204 1566 467 1620 saeuissima,
498 1567 615 1608 rudis
649 1567 779 1608 etiam
811 1569 905 1608 tum
930 1569 977 1608 ut
998 1567 1327 1609 existimabatur
1348 1573 1393 1610 et

37 1639 90 1666 ne
112 1625 302 1666 sonitum
322 1626 493 1680 quidem
513 1626 741 1668 duraturus
764 1640 992 1667 armorum.
1027 1626 1093 1666 14.
1114 1627 1213 1667 dum
1234 1630 1394 1668 castro-

37 1698 133 1725 rum
175 1698 305 1738 opera
336 1687 501 1726 mature
535 1688 802 1739 consurgunt
834 1684 1072 1738 militisque
1113 1700 1211 1739 pars
1246 1686 1392 1728 statio-

38 1757 113 1784 nes
144 1743 389 1802 praetendit
410 1744 615 1798 agrarias
649 1744 735 1785 alia
754 1744 970 1785 frumenta
1001 1744 1256 1786 insidiarum
1275 1748 1393 1786 metu

40 1801 209 1856 colligit
255 1805 397 1857 caute
436 1778 674 1845 multitudo
718 1803 945 1845 barbarica
993 1817 1210 1845 rumorem
1259 1804 1394 1845 nimia

0 1861 272 1903 muelocitate
304 1877 535 1916 praeuersa
567 1862 876 1904 Barbationem
908 1876 1003 1903 eum
1046 1863 1236 1904 exercitu
1268 1877 1393 1917 quem

39 1921 235 1975 regebat,
280 1924 327 1962 ut
364 1922 632 1975 praedictum
670 1925 756 1975 est,
798 1920 965 1963 Gallico
1003 1921 1119 1962 uallo
1162 1921 1394 1964 discretum

37 1980 202 2034 impetu
250 1981 475 2033 repentino
522 1981 727 2035 adgressa
772 1995 1036 2034 sequensque
1080 1979 1296 2034 fugientes
1342 1981 1394 2021 ad

39 2053 171 2093 usque
204 2039 424 2081 Rauracos
465 2043 506 2080 et
545 2040 660 2081 ultra
694 2039 832 2094 quoad
863 2039 1022 2093 potuit,
1053 2042 1178 2093 rapta
1212 2039 1394 2081 sarcina-

38 2112 133 2138 rum
166 2101 209 2139 et
239 2098 530 2140 iumentorum
551 2113 644 2140 cum
679 2098 900 2139 calonibus
933 2100 1055 2151 parte
1076 2098 1264 2139 maxima
1283 2098 1395 2139 redit

134 2264 175 2294 19
201 2259 302 2304 quod
328 2261 396 2304 byca
421 2271 516 2304 quae
547 2261 614 2295 11>
707 2262 778 2294 *1³1
811 2260 930 2294 multa
960 2260 1134 2294 tentabat
1162 2261 1243 2294 (om
1276 2270 1393 2303 usque

43 2304 95 2343 in)
123 2304 157 2339 G
181 2272 291 2339 multi
315 2306 419 2349 temp
422 2305 528 2340 tabat
551 2316 668 2349 usque
693 2305 731 2339 111
752 2305 787 2340 V
829 2309 870 2339 21
895 2306 999 2349 temp
1003 2305 1109 2340 tabat
1132 2324 1176 2332 -—
1200 2308 1243 2339 22
1268 2306 1394 2338 tamen

43 2349 131 2384 add.
161 2349 217 2385 Vlm
275 2353 317 2384 27
345 2351 573 2395 consurgunt
599 2351 633 2386 G
658 2351 849 2395 consurgit
879 2317 999 2385 VPba

113 2413 290 2440 Amnauvs
311 2415 554 2441 Mancnnmxvs.
1162 2411 1180 2442 7
