1614 2549
569 79 799 115 IVLIANVS
824 83 889 115 362
1322 80 1404 123 287

56 175 161 216 adeo
194 177 243 216 ut
272 173 466 229 plerique
497 174 640 215 territi
661 177 977 216 emercarentur
996 175 1220 217 molestias
1251 175 1404 229 pretiis

55 233 333 276 clandestinis
338 265 530 274 .........

177 293 241 334 13.
273 291 508 333 Itineribus
547 292 693 345 itaque
733 292 916 333 emensis
949 306 1045 333 cum
1083 293 1136 333 ad
1167 292 1301 346 Pylas
1332 308 1402 335 ue-

52 354 201 405 nisset,
245 351 319 406 qui
356 351 475 392 locus
509 349 785 404 Cappadocas
818 350 1023 392 discernit
1055 354 1098 392 et
1129 350 1299 405 Cilicas,
1337 366 1402 394 os-

17 424 34 450 5
54 412 149 452 01110
189 413 435 463 susceptum
472 412 682 450 rectorem
719 409 966 463 prouinciae
1003 410 1176 451 nomine
1216 408 1403 477 Celsum,

53 470 140 511 iam
179 469 276 510 inde
309 483 334 509 a
374 468 526 510 studiis
559 468 782 522 cognitum
814 467 988 522 Atticis,
1030 468 1325 524 adscitumque
1357 469 1403 511 in

54 542 300 570 consessum
318 527 507 569 uehiculi
528 526 711 568 Tarsum
731 541 873 568 secum
893 502 1199 568 111(111Χ113.14.
1225 531 1270 569 at
1301 528 1402 570 hinc

52 587 197 628 uidere
221 601 455 640 properans
476 585 768 639 Antiochiam,
795 586 973 627 orientis
1000 587 1165 640 apicem
1190 587 1401 642 pulcrum,

51 661 154 687 usus
195 645 423 687 itineribus
465 644 606 685 solitis
639 644 770 697 uenit,
809 644 991 699 urbique
1031 646 1324 699 propinquans
1357 646 1402 687 111

0 716 33 742 10
54 705 241 758 speciem
273 704 453 745 alicuius
486 703 676 744 numinis
708 703 822 744 uotis
855 704 1065 757 excipitur
1096 704 1295 758 publicis,
1326 704 1403 745 mi-

52 767 172 805 ratus
203 777 330 804 uoces
362 762 654 803 multitudinis
687 775 881 816 magnae,
921 763 1108 803 salutare
1140 762 1256 804 sidus
1293 763 1403 805 inlu-

51 823 166 863 xisse
199 822 288 863 eois
326 821 523 875 partibus
562 821 856 862 adclamantis.
921 821 986 863 15.
1019 824 1220 862 euenerat
1258 824 1403 862 autem

51 881 187 922 isdem
219 880 369 922 diebus
403 894 541 921 annuo
563 894 688 921 cursu
722 880 919 933 conpleto
940 879 1120 921 Adonea
1144 880 1233 920 ritu
1268 880 1401 921 ueteri

52 940 272 993 celebrari,
293 942 435 981 amato
456 938 650 992 Veneris,
682 940 731 979 ut
750 938 922 979 fabulae
948 938 1130 992 fingunt,
1163 938 1256 992 apri
1276 938 1402 980 dente

0 1011 32 1037 15
51 998 177 1039 ferali
214 997 376 1051 deleto,
415 997 529 1051 quod
566 997 612 1038 in
653 997 799 1038 adulto
839 997 944 1038 flore
983 999 1197 1038 sectarum
1239 999 1304 1037 est
1342 997 1402 1038 in-

52 1057 210 1099 dicium
254 1057 441 1111 frugum.
505 1058 546 1096 et
589 1056 731 1097 uisum
776 1058 841 1096 est
884 1056 1010 1096 triste
1057 1056 1169 1109 quod
1213 1055 1402 1108 amplam

50 1116 202 1157 urbem
222 1115 550 1169 principumque
571 1114 837 1155 domicilium
868 1114 1113 1155 introeunte
1139 1114 1400 1167 imperatore

49 1189 162 1216 nunc
192 1174 392 1229 primum,
424 1173 654 1215 ululabiles
678 1173 862 1227 undique
893 1172 1093 1226 planctus
1122 1175 1164 1213 et
1196 1173 1401 1226 lugubres

4 1255 7 1257 ·
51 1249 180 1276 sonus
213 1233 508 1275 audiebantur.
572 1232 637 1273 16.
669 1232 739 1273 1110
777 1232 1012 1285 patientiae
1046 1231 1135 1272 eius
1168 1234 1210 1272 et
1248 1231 1403 1272 lenitu-

0 1307 31 1332 20
51 1293 162 1335 dinis
184 1293 486 1333 documentum
518 1291 612 1331 leue
634 1290 806 1345 quidem
828 1290 1027 1344 apparuit
1048 1290 1121 1331 sed
1146 1290 1402 1331 mirandum.

51 1351 328 1393 Thalassium
361 1350 573 1404 quendam
607 1364 657 1390 ex
694 1348 890 1403 proximo
930 1349 1192 1402 libellorum,
1228 1348 1402 1389 insidia-

49 1414 189 1452 torem
220 1409 370 1450 fratris
403 1409 552 1449 oderat
584 1408 713 1461 Galli,
752 1422 835 1462 quo
870 1408 1046 1448 adorare
1079 1407 1309 1461 adesseque
1342 1407 1402 1448 of-

49 1469 146 1510 ficio
179 1470 292 1510 inter
324 1468 559 1509 honoratos
592 1467 812 1520 prohibito
847 1466 1094 1519 aduersarii,
1128 1480 1224 1507 cum
1245 1466 1400 1520 quibus

49 1528 256 1582 litigabat
287 1527 333 1567 111
363 1526 470 1580 foro,
501 1526 710 1580 postridie
737 1526 866 1567 turba
887 1527 1152 1579 congregata
1174 1524 1400 1603 superflua,

3 1599 31 1626 25
51 1587 168 1628 adito
218 1586 478 1640 imperatore
529 1584 806 1625 ‘Thalassius
857 1584 1141 1625 clamitabant
1189 1583 1400 1624 ‘inimicus

49 1645 226 1700 pietatis
259 1647 357 1685 tuae
388 1646 539 1685 nostra
570 1643 784 1684 uiolenter
816 1642 996 1696 eripuit.y
1051 1643 1117 1683 17.
1138 1644 1181 1683 et
1212 1641 1287 1682 ille
1319 1641 1401 1683 hac

50 1704 272 1746 occasione
305 1703 525 1744 hominem
558 1702 746 1756 opprimi
782 1716 909 1756 posse
942 1701 1156 1743 coniciens
1189 1699 1400 1755 ‘'agnosco

48 1761 313 1817 respondit‘
316 1776 441 1816 quem
475 1761 618 1802 dicitis
652 1760 876 1801 offendisse
914 1775 982 1801 me
1020 1760 1135 1801 iusta
1174 1759 1224 1800 de
1263 1773 1401 1812 causa,

50 1821 124 1863 sed
168 1821 294 1863 silere
331 1835 409 1862 uos
453 1820 627 1861 interim
673 1821 1008 1860 consentaneum
1046 1820 1123 1871 est,
1162 1817 1263 1858 dum
1294 1817 1403 1858 mihi

0 1893 32 1919 ιιο
50 1880 225 1922 1111111100
268 1879 431 1934 potiori
474 1879 607 1920 faciat
652 1878 789 1919 satis'.
837 1876 1145 1930 mandauitque
1190 1875 1402 1917 adsidenti

0 1974 1 1979 ,
49 1939 267 1993 praefecto
299 1953 353 1979 ne
385 1938 607 1979 audiretur
627 1951 775 1978 eorum
794 1936 1032 1990 negotium,
1052 1937 1283 1989 antequam
1308 1934 1400 1988 ipse

0 2004 1 2038 1
50 2013 146 2040 011111
180 1997 408 2038 Thalassio
440 1996 600 2037 rediret
631 1996 677 2036 in
708 1995 908 2049 gratiam,
948 1993 1061 2048 quod
1091 1993 1214 2034 breui
1246 1993 1402 2034 euenit.

0 2051 1 2057 ¹
173 2053 249 2097 10.
286 2057 321 2097 1.
353 2055 421 2096 Ibi
464 2055 660 2096 hiemans
706 2068 756 2095 ex
801 2053 1015 2095 sententia
1050 2052 1181 2094 nullis
1225 2051 1401 2093 interim

143 2234 159 2263 1
185 2229 388 2264 modestias
417 2228 485 2263 VP
532 2232 551 2262 2
571 2231 655 2272 post
680 2226 919 2262 clandestinis
944 2226 1010 2261 lae.
1036 2225 1145 2260 9lztt.
1167 2225 1234 2259 VP
1281 2228 1301 2259 3
1339 2223 1403 2268 yla

55 2274 124 2309 VP
171 2278 189 2309 7
215 2275 356 2308 tarsum
388 2272 432 2307 V²
459 2284 581 2307 arsum
601 2272 682 2306 V¹P
730 2276 773 2306 10
796 2271 958 2306 numinis
975 2269 1097 2305 V²GA
1120 2269 1280 2304 nominis
1297 2236 1402 2303 ῙξΡῗ)

53 2323 94 2354 12
115 2318 360 2353 adclamantis
388 2318 458 2352 GA
483 2318 688 2352 addamans
720 2316 785 2352 VP
878 2320 919 2351 19
944 2315 1086 2350 sonitus
1111 2315 1179 2360 bya
1247 2318 1289 2348 22
1315 2313 1401 2348 ode-

51 2365 111 2398 rat
139 2363 245 2398 VGP
268 2362 416 2397 sederat
440 2363 485 2397 ba
