1614 2549
48 456 64 481 5

31 752 63 776 10

31 1340 64 1364 20

29 1634 63 1659 25

30 1928 64 1954 30

371 109 708 145 CONSTANTIVS
733 109 794 143 ET
820 109 1052 144 IVLIANVS
1077 113 1141 145 361
1351 111 1435 153 245

83 206 223 261 inquit
260 203 540 246 ‘Constantia
607 204 849 246 maiestatis
889 205 1002 246 enim
1045 204 1214 258 insigne
1257 218 1345 245 non
1382 206 1430 245 ut

84 264 332 306 consiliario
365 264 461 317 tibi,
493 263 565 304 sed
597 266 644 305 ut
675 263 845 304 desinas
878 277 1035 317 pauere
1066 262 1261 318 porrexi?

201 321 271 364 10.
308 323 343 363 1.
374 321 499 363 Nihil
531 322 682 364 deinde
714 325 859 363 amoto
880 322 1121 363 Lucilliano
1154 321 1434 363 differendum

82 396 160 423 nec
201 381 415 436 agendum
457 395 587 435 segne
626 384 760 435 ratus,
800 383 848 422 ut
881 383 974 422 erat
1014 381 1059 422 in
1090 381 1218 422 rebus
1250 381 1432 435 trepidis

85 441 223 483 audax
255 443 298 481 et
330 440 623 494 confidentior,
656 440 877 481 ciuitatem
909 442 957 480 ut
988 440 1294 493 praesumebat
1320 439 1434 480 dedi-

82 500 232 541 ticiam
262 502 425 553 petens,
459 499 554 540 citis
586 499 787 553 passibus
817 498 1054 551 incedebat,
1086 513 1265 552 eumque
1286 499 1434 540 subur-

82 558 207 600 banis
238 559 602 612 propinquantem
623 557 779 612 amplis
805 558 1069 612 nimiumque
1101 558 1326 612 protentis,
1358 557 1433 598 mi-

82 617 226 658 litaris
265 620 308 657 et
346 617 485 658 omnis
525 617 694 671 generis
732 617 861 658 turba
893 631 988 658 cum
1027 616 1188 657 lumine
1220 617 1358 658 multo
1392 619 1435 657 et

83 676 259 717 floribus
292 676 489 730 uotisque
522 676 677 717 faustis
710 675 955 730 Augustum
989 675 1212 729 adpellans
1235 677 1277 716 et
1302 675 1434 716 domi-

83 749 185 775 num
217 735 339 776 duxit
370 734 415 775 in
446 735 625 789 regiam.
687 735 725 775 2.
747 734 819 789 qui
847 736 1001 776 euentu
1032 734 1171 776 laet-us
1205 737 1247 775 et
1280 734 1435 787 omine,

82 793 255 835 firmata
298 808 371 848 spe
413 797 704 847 uenturorum,
747 794 860 848 quod
902 793 954 835 ad
987 793 1229 847 exemplum
1261 793 1434 834 urbium

83 852 235 893 matris
268 852 505 906 populosae
538 855 580 893 et
612 853 793 894 celebris
831 867 909 906 per
942 852 1050 893 alias
1085 866 1252 906 quoque
1286 852 1435 893 ciuita-

83 915 148 952 tes
180 914 228 952 ut
261 911 376 952 sidus
410 911 600 952 salutare
633 911 934 965 susciperetur,
972 911 1086 951 edito
1124 910 1335 964 postridie
1369 924 1436 951 cu-

83 970 167 1011 ruli
207 970 441 1011 certamine
480 984 575 1011 cum
613 970 770 1024 gaudio
802 970 956 1023 plebis,
994 969 1069 1010 ubi
1100 969 1174 1010 lux
1208 969 1436 1010 excanduit

47 1045 63 1069 5
83 1029 226 1082 tertia,
258 1043 476 1070 morarum
514 1029 745 1083 impatiens
778 1028 991 1082 percursis
1025 1028 1259 1082 aggeribus
1297 1028 1438 1082 publi-

83 1087 143 1129 cis
177 1086 333 1129 Succos
365 1088 534 1128 nemine
568 1102 671 1129 auso
704 1087 905 1128 resistere
938 1087 1164 1141 praesidiis
1198 1087 1436 1141 occupauit,

81 1146 300 1200 isdemque
333 1147 501 1187 tuendis
534 1146 760 1189 Neuittam
790 1145 998 1200 praefecit
1029 1148 1077 1187 ut
1107 1146 1252 1187 fidum.
1315 1146 1434 1187 cuius

82 1205 167 1246 loci
200 1205 331 1246 situm
364 1220 527 1247 exnunc
560 1205 785 1247 conueniet
817 1205 997 1246 ostendi.

202 1264 240 1305 3.
262 1262 494 1306 Consertae
516 1265 729 1306 celsorum
748 1264 960 1305 montium
989 1264 1258 1305 summitates
1279 1263 1436 1305 Haemi

85 1326 127 1364 et
146 1322 390 1377 Rhodopes,
423 1338 603 1378 quorum
637 1324 746 1365 alter
779 1323 832 1364 ab
865 1323 970 1376 ipsis
992 1322 1134 1363 Histri
1153 1323 1435 1378 marginibus,

84 1382 195 1423 alter
228 1382 280 1423 ab
302 1381 404 1423 Axii
436 1382 623 1423 fluminis
645 1383 843 1424 citeriore
875 1384 998 1435 parte
1020 1382 1254 1436 consurgit,
1286 1382 1331 1422 in
1364 1396 1436 1423 an-

83 1441 250 1495 gustias
292 1441 521 1482 tumulosis
567 1441 748 1482 collibus
794 1441 1037 1481 desinentes
1081 1440 1256 1495 Illyrios
1307 1440 1436 1482 inter-

84 1499 282 1544 scindunt
315 1503 356 1541 et
390 1499 593 1554 Thracas,
625 1500 725 1541 hinc
758 1500 924 1541 uicinae
957 1499 1281 1541 mediterraneis
1302 1499 1434 1541 Dacis

83 1562 125 1600 et
159 1558 374 1612 Serdicae,
413 1559 510 1600 inde
545 1559 754 1600 Thracias
796 1559 1093 1613 despectantes
1132 1561 1175 1599 et
1211 1557 1435 1612 Philippo-

82 1618 230 1671 polim,
262 1618 460 1659 ciuitates
482 1618 648 1672 amplas
682 1621 724 1659 et
743 1618 923 1672 nobiles,
956 1620 998 1658 et
1029 1619 1253 1672 tamquam
1278 1620 1435 1659 natura

83 1678 128 1718 in
154 1677 365 1717 dicionem
384 1676 626 1719 Romanam
658 1677 913 1731 redigendas
933 1677 1132 1718 nationes
1165 1676 1434 1718 circumsitas

82 1738 404 1790 praenoscente,
436 1736 498 1777 ita
530 1736 742 1790 figuratae
763 1736 972 1790 consulto,
1005 1736 1119 1776 inter
1151 1738 1267 1777 artos
1302 1735 1434 1776 colles

84 1795 299 1849 quondam
336 1794 506 1836 hiantes
546 1795 782 1849 obscurius,
822 1795 875 1837 ad
912 1794 1256 1848 magnitudinem
1297 1794 1435 1848 splen-

84 1853 313 1908 doremque
350 1856 504 1908 postea
534 1855 661 1896 rebus
694 1854 820 1895 elatis
859 1853 1106 1908 patefactae
1139 1856 1239 1894 sunt
1272 1855 1314 1894 et
1347 1867 1434 1894 car-

83 1913 238 1967 pentis,
277 1912 549 1967 aditibusque
589 1913 848 1968 aliquotiens
882 1912 1039 1954 clausis
1071 1925 1328 1966 magnorum
1363 1911 1435 1952 du-

84 1986 180 2013 cum
205 1972 549 2027 populorumque
570 1972 795 2026 reppulere
818 1974 1009 2013 conatus.
1060 1971 1099 2011 4.
1120 1973 1163 2012 et
1180 1984 1294 2026 pars,
1327 1984 1435 2024 quae

175 2132 192 2162 1
221 2127 438 2163 Constantio
466 2129 536 2164 GA
566 2128 815 2163 constantium
854 2127 943 2162 VPb
1036 2131 1057 2161 4
1089 2136 1204 2172 segne
1235 2127 1338 2161 ratus
1368 2126 1437 2170 bya

84 2183 213 2223 segem
236 2174 340 2207 catus
370 2174 438 2208 VP
508 2178 527 2208 9
552 2173 724 2217 uotisque
753 2172 787 2206 G
817 2172 1010 2217 portisque
1047 2172 1136 2206 VPb
1168 2171 1368 2216 uerbisque
1401 2171 1437 2204 A

87 2222 127 2253 10
151 2229 217 2262 qul
240 2218 374 2262 Haupt
398 2219 464 2253 ubi
481 2219 583 2254 codd.
603 2220 724 2253 omine
743 2218 780 2252 b
765 2228 811 2262 ja
827 2217 977 2252 homine
999 2217 1066 2252 VP
1113 2219 1180 2250 *11
1201 2183 1346 2250 firmate
1369 2215 1437 2250 VP

85 2266 126 2298 12
157 2263 287 2297 matris
318 2265 356 2298 et
380 2264 493 2308 uulqo
564 2267 603 2298 17
628 2263 796 2297 neuitam
825 2262 894 2296 VP
966 2266 1006 2297 18
1037 2262 1236 2297 conueniet
1259 2261 1327 2306 hya
1352 2271 1436 2295 con—

83 2307 212 2342 ueniet
243 2309 281 2342 et
308 2308 376 2343 VP
422 2313 465 2343 20
489 2308 597 2343 histri
620 2308 678 2342 Pb
701 2308 782 2342 istri
804 2307 909 2342 VGA
956 2311 998 2341 22
1024 2307 1238 2342 desinenter
1262 2317 1330 2351 per
1353 2305 1435 2349 illy-

83 2353 139 2386 rio
168 2352 237 2387 VP
282 2357 325 2388 23
349 2353 461 2388 Dacis
488 2353 521 2388 G
546 2353 637 2388 dicis
667 2352 736 2387 VP
759 2353 851 2387 uicis
876 2353 921 2387 ba
991 2356 1034 2386 ‘25
1060 2353 1098 2387 et
1121 2351 1265 2386 nobiles
1295 2350 1438 2385 VGAP

84 2407 150 2432 om.
181 2397 200 2432 b
252 2399 388 2433 natura
417 2398 522 2434 VGA
545 2408 614 2434 om.
639 2398 696 2433 Pb
760 2402 804 2433 30
829 2397 959 2432 clausis
988 2397 1093 2432 VGA
1117 2397 1218 2431 claus
1242 2396 1278 2430 P
1303 2394 1394 2429 dant
1418 2395 1438 2428 b
