1614 2549
339 83 675 121 CONSTANTIVS
699 84 761 119 ET
786 83 1018 120 IVLIAst
1043 88 1108 120 357
1318 84 1398 127 109

47 180 235 223 santium
266 179 404 220 moles
425 179 663 234 obliquatis
683 179 897 220 meatibus
918 179 1183 220 declinantes
1205 178 1257 219 ad
1278 179 1396 233 ripas

46 239 272 281 ulteriores
302 240 403 291 post
440 239 579 280 multa
610 238 860 279 discrimina
894 238 1132 291 peruenire.
1193 251 1396 291 spumans

47 297 227 352 denique
265 311 415 338 cruore
453 297 680 339 barbarico
713 296 884 338 decolor
923 297 1070 337 alueus
1110 296 1280 338 insueta
1312 299 1399 338 stu-

47 356 178 410 pebat
208 358 452 410 augmenta.

11 431 29 458 5
164 413 233 456 58.
252 413 367 455 Dum
385 414 490 456 haee
521 418 713 468 aqzmtm,
744 428 818 455 rex
839 412 1208 455 Chonodomarius
1228 417 1400 468 reperta

48 473 171 527 copia
202 472 446 514 discedendi
477 473 622 527 lapsus
653 486 730 526 per
761 471 960 513 funerum
991 475 1131 513 strues
1156 486 1252 513 cum
1273 472 1400 514 satel-

46 531 198 574 litibus
234 531 384 586 paucis
423 531 644 573 celeritate
676 530 828 584 rapida
858 531 1121 585 properabat
1153 531 1205 571 ad
1244 534 1399 584 castra,

48 604 157 645 quae
188 604 321 644 prope
353 589 594 632 Tribuncos
627 592 671 631 et
703 588 987 631 Concordiam
1019 589 1286 630 munimenta
1316 589 1400 631 Ro-

47 663 175 690 mana
205 648 301 690 fixit
332 649 589 703 intrepidus,
622 651 669 690 ut
702 649 887 690 escensis
918 648 1106 702 nauigiis
1139 647 1297 689 dudum
1328 663 1401 702 pa-

13 724 30 750 o
48 707 155 749 ratis
188 707 241 748 ad
272 721 395 748 casus
429 708 638 761 ancipites
671 707 717 748 in
743 708 919 748 secretis
937 720 978 749 se
998 706 1236 748 secessibus
1260 720 1400 748 amen-

48 766 180 808 daret.
212 765 281 807 59.
314 769 357 807 et
384 766 485 820 quia
509 781 597 807 non
614 766 700 807 nisi
719 765 871 807 Rheno
897 765 1082 807 transito
1104 765 1157 807 ad
1182 765 1402 806 territoria

49 840 126 866 sua
144 826 316 878 poterat
335 825 572 879 peruenire,
604 825 773 866 uultum
792 839 845 865 ne
866 827 1172 879 agnosceretur
1192 825 1401 877 operiens,

50 883 210 925 sensim
240 883 392 924 retulit
421 883 585 937 pedem.
624 897 803 937 cumque
834 883 1145 937 propinquaret
1176 883 1263 923 iam
1283 882 1402 936 ripis,

50 943 247 984 lacunam
283 942 549 995 palustribus
594 942 716 996 aquis
749 942 1004 983 interfusam
1042 941 1402 995 circumgrediens

16 1019 32 1045 5
51 1003 100 1043 ut
129 1000 350 1054 transiret,
382 1000 548 1042 calcata
579 1001 766 1042 mollitie
797 1001 1035 1055 glutinosa,
1069 1014 1176 1054 equo
1210 1002 1276 1040 est
1308 1014 1403 1040 euo-

51 1060 168 1101 lutus
201 1062 244 1100 et
276 1058 505 1100 confestim
537 1059 638 1101 licet
670 1060 802 1101 obeso
835 1073 1011 1113 corpore
1033 1059 1209 1113 grauior
1229 1059 1282 1099 ad
1308 1058 1403 1099 sub-

53 1118 208 1160 sidium
238 1117 372 1158 uicini
404 1118 526 1159 collis
560 1119 710 1170 euasit,
744 1132 870 1173 quem
897 1121 1093 1172 agnitum
1114 1142 1169 1146 -—
1190 1131 1269 1158 nec
1289 1117 1403 1157 enim

0 1206 1 1209 =
52 1177 194 1231 potuit
225 1176 363 1218 celare
397 1177 469 1230 qui
500 1177 649 1231 fuerit,
687 1177 885 1218 fortunae
916 1176 1073 1231 prioris
1106 1175 1403 1230 magnitudine

52 1235 247 1289 proditus
280 1259 336 1264 —
369 1235 519 1276 statim
551 1236 706 1277 anhelo
740 1251 865 1278 cursu
904 1235 1056 1277 cohors
1096 1249 1192 1276 cum
1229 1234 1403 1275 tribuno

0 1312 34 1337 20
55 1298 211 1346 secu'in,
237 1294 367 1335 armis
389 1294 699 1336 circmndatmn
719 1308 923 1349 aggerem
942 1308 1218 1335 nemorosum
1239 1293 1404 1334 cautius

54 1352 298 1406 obsidebat,
335 1366 609 1406 perrumpere
641 1353 798 1406 uerita,
836 1367 888 1394 ne
925 1352 1072 1393 fraude
1104 1351 1261 1393 latenti
1293 1352 1405 1392 inter

53 1425 273 1453 ramorum
292 1410 494 1452 tenebras
515 1412 784 1465 exciperetm·
804 1411 1007 1453 occultas.
1034 1411 1102 1452 60.
1124 1411 1279 1465 quibus
1299 1410 1405 1451 uisis

55 1470 283 1524 conpulsus
304 1469 357 1510 ad
383 1469 560 1511 ultimos
593 1475 733 1512 metus
754 1471 870 1512 ultro
905 1484 948 1511 se
982 1469 1098 1510 dedit
1128 1470 1245 1510 solus
1267 1481 1407 1523 egres-

56 1544 126 1570 sus
171 1528 432 1582 comitesque
478 1529 567 1569 eius
612 1529 784 1571 ducenti
832 1542 1012 1570 numero
1057 1531 1100 1569 et
1143 1531 1232 1569 tres
1278 1527 1407 1569 amici

3 1605 37 1630 25
55 1586 328 1640 iunctissimi‚
360 1586 576 1641 flagitium
609 1588 811 1629 arbitrati
841 1590 942 1642 post
967 1600 1115 1641 regem
1146 1587 1305 1640 uiuere,
1337 1585 1407 1627 uel

56 1661 133 1700 pro
165 1659 266 1700 rege
298 1660 386 1686 non
416 1647 544 1699 mori,
585 1647 621 1687 si
659 1648 722 1688 ita
753 1647 906 1688 tulerit
939 1660 1080 1699 casus,
1118 1645 1334 1686 tradidere
1366 1658 1408 1686 se

56 1704 316 1746 uinciendos.
350 1705 417 1745 61.
442 1707 573 1759 utque
594 1706 744 1747 natiuo
766 1720 884 1747 more
907 1708 1005 1746 sunt
1023 1704 1203 1746 barbari
1222 1703 1408 1745 humiles

56 1764 103 1805 in
144 1763 337 1805 aduersis
382 1763 659 1818 disparesque
703 1765 749 1806 in
793 1763 1006 1817 secundis,
1052 1778 1200 1805 seruus
1243 1763 1408 1804 alienae

56 1822 295 1864 uolrmtatis
340 1821 593 1864 trahebatur
629 1823 797 1877 pallore
837 1822 1037 1864 confusus
1076 1822 1299 1864 claudente
1337 1836 1410 1863 no-

5 1898 41 1924 30
59 1895 211 1923 xarum
244 1881 506 1922 conscientia
537 1882 745 1936 linguam⁷
777 1883 1019 1923 inmensum
1052 1884 1259 1935 quantum
1286 1880 1338 1920 ab
1361 1893 1409 1920 eo

61 1939 260 1981 differens
294 1939 367 1993 qui
398 1942 498 1992 post
529 1940 643 1981 feros
676 1941 967 1995 lugubresque
988 1944 1174 1981 terrores
1196 1938 1411 1980 cineribus

61 1997 302 2039 Galliarum
335 1998 548 2040 insultans
582 2000 720 2040 multa
752 1999 999 2040 minabatur
1033 2001 1075 2039 et
1108 2013 1247 2039 saeua.

153 2149 173 2177 5
198 2144 361 2178 aountur
394 2142 464 2177 GA
496 2151 562 2177 om.
595 2143 684 2178 {Pb
778 2143 1086 2177 chonodomarius
1117 2143 1223 2186 Pbya
1253 2142 1412 2175 chnodo-

63 2190 201 2223 marius
221 2172 264 2223 ἦ
351 2192 372 2224 8
398 2187 566 2222 tribunos
590 2189 648 2222 Pb
741 2192 760 2222 9
785 2187 994 2232 intrepidus
1025 2187 1129 2222 codd.
1160 2187 1199 2220 in
1224 2186 1414 2220 Triboccis

69 2232 230 2278 Waqner
322 2237 364 2269 10
389 2239 427 2268 se
460 2231 628 2267 Valesius
666 2242 732 2267 om.
760 2233 862 2267 codd.
956 2232 1174 2267 emendaret
1217 2231 1283 2266 VP
1326 2241 1411 2265 eua-

64 2278 173 2312 deret
198 2277 231 2313 G
307 2280 374 2312 *11
401 2277 588 2313 territoria
614 2277 648 2312 G
672 2278 837 2312 tentoria
865 2277 979 2312 VPba
1062 2281 1103 2311 14
1126 2276 1355 2321 plaustribus
1385 2275 1419 2309 V

66 2325 107 2356 16
132 2322 244 2358 oboso
274 2322 308 2356 V
329 2323 441 2358 ebeso
467 2324 503 2358 P
594 2326 637 2357 26
663 2333 700 2356 se
729 2322 762 2357 G
785 2332 851 2357 om.
882 2322 995 2358 VPbcz
1081 2326 1122 2357 31
1148 2323 1233 2366 post
1257 2321 1353 2356 feros
1381 2320 1415 2354 G

65 2367 231 2410 posteros
260 2367 375 2402 VPba
