1614 2549
362 81 700 122 CONSTANTIVS
725 80 786 116 ET
812 77 998 115 GALLVS
1023 81 1089 113 354
1345 71 1401 114 43

48 183 421 234 membrorumque
453 181 570 220 recta
602 188 805 230 conpage,
842 174 954 215 flauo
988 170 1143 225 capillo
1183 171 1226 210 et
1263 166 1400 219 molli,

46 243 183 286 barba
201 240 303 282 licet
322 252 470 280 recens
492 237 737 290 emergente
758 232 962 287 lanugine
983 233 1144 282 tenera,
1170 227 1232 268 ita
1253 229 1400 267 tamen

48 305 97 345 ut
110 298 319 343 maturius
335 295 570 338 auctoritas
585 294 805 345 emineret,
823 293 993 332 tantum
1008 304 1030 330 a
1045 285 1296 341 temperatis
1311 298 1400 325 mo-

49 362 167 404 ribus
187 357 345 399 Iuliani
371 355 569 396 differens
590 352 751 403 fratris,
779 351 987 404 quantum
1010 347 1122 388 inter
1142 342 1401 397 Vespasiani

49 420 161 461 filios
186 416 270 458 fuit
289 414 588 457 Domitianum
616 414 657 452 et
678 409 838 450 Titum.
889 407 957 448 29.
991 406 1235 457 assumptus
1258 404 1402 443 autem

47 479 94 520 in
113 474 428 530 amplissimum
447 472 645 513 fortunae
666 467 892 522 fastigium
906 463 1135 506 uersabilis
1152 462 1242 502 eius
1258 462 1399 501 motus

48 538 246 591 expertus
268 535 345 585 est,
379 531 451 585 qui
483 529 637 571 ludunt
668 526 983 568 mortalitatem
1031 535 1143 562 nunc
1171 519 1400 560 euehentes

46 594 257 651 quosdam
275 593 319 632 in
342 590 492 641 sidera,
524 601 635 629 nunc
669 586 720 627 ad
741 583 893 637 Cocyti
914 580 1124 636 profunda
1145 579 1402 631 mergentes.

50 654 168 696 cuius
213 651 276 692 rei
320 663 415 691 cum
458 647 681 688 innumera
726 644 813 685 sint
857 639 1065 694 exempla,
1108 651 1245 692 pauca
1285 638 1405 676 tactu

52 725 216 755 summo
246 712 551 750 transcurram.
613 704 681 745 30.
698 703 803 743 haec
832 701 1007 742 fortuna
1031 695 1253 738 mutabilis
1279 696 1321 735 et
1344 694 1405 734 in-

51 773 252 814 constans
284 767 387 808 fecit
407 763 697 819 Agathoclem
719 760 910 802 Siculum
942 772 994 799 ex
1025 755 1159 810 figulo
1192 766 1340 807 regem
1362 757 1406 793 et

50 828 310 883 Dionysium
342 824 536 880 gentium
568 821 782 876 quondam
812 822 1024 860 terrorem
1057 813 1256 856 Corinthi
1292 811 1406 852 litte-

51 889 168 931 rario
188 886 288 928 ludo
308 882 528 938 praefecit.
570 881 638 922 31.
658 879 764 920 haec
785 877 1128 929 Adramytenum
1148 871 1407 912 Andriscum

53 948 98 989 in
128 944 310 988 fullonio
342 945 493 984 natum
525 940 578 981 ad
608 934 965 990 Pseudophilippi
1000 946 1157 974 nomen
1189 929 1332 971 euexit
1366 932 1408 968 et

19 1018 34 1045 5
53 1005 200 1048 Persei
237 1001 482 1056 legitimum
519 998 657 1039 filium
689 999 826 1037 artem
858 993 1081 1034 ferrariam
1119 990 1173 1031 ob
1208 1000 1408 1042 quaeren-

53 1066 154 1106 dum
168 1061 312 1104 docuit
326 1061 500 1102 uictum.
551 1057 618 1098 32.
641 1055 788 1097 eadem
807 1052 1054 1094 Mancinum
1069 1051 1168 1103 post
1182 1046 1409 1100 imperium

55 1123 172 1165 dedit
201 1117 494 1170 Numantinis,
540 1115 784 1157 Samnitum
829 1109 1050 1152 atrocitati
1087 1106 1328 1158 Veturium,
1367 1108 1410 1144 et

56 1181 282 1224 Claudium
295 1177 455 1229 Corsis,
488 1174 813 1226 substrauitque
844 1168 1010 1211 feritati
1032 1163 1310 1218 Carthaginis
1331 1161 1411 1203 Re-

57 1241 218 1296 gulum,
237 1237 362 1279 istius
381 1233 610 1288 iniquitate
630 1229 861 1284 Pompeius
882 1229 981 1282 post
1002 1224 1243 1280 quaesitum
1262 1221 1413 1275 Magni

22 1312 39 1338 0
58 1315 109 1342 ex
140 1311 285 1340 rerum
317 1296 538 1349 gestarum
570 1288 851 1344 amplitudine
873 1286 1209 1339 cognomentum
1236 1281 1288 1322 ad
1320 1294 1413 1333 spa-

58 1359 217 1400 donum
242 1353 468 1395 libidinem
493 1351 540 1391 in
565 1349 766 1403 Aegypto
793 1344 1043 1387 trucidatur.
1106 1341 1174 1382 33.
1196 1343 1238 1381 et
1263 1339 1411 1380 Eunus

59 1415 232 1472 quidam
270 1409 580 1466 ergastularius
620 1420 769 1448 seruus
808 1402 1002 1445 ductauit
1040 1401 1085 1442 in
1118 1399 1267 1441 Sicilia
1304 1397 1414 1451 fugi-

57 1476 187 1517 tiuos.
249 1485 378 1526 quam
409 1468 537 1510 multi
576 1464 799 1520 splendido
839 1463 934 1503 loco
967 1460 1061 1501 nati
1094 1458 1241 1499 eadem
1272 1469 1415 1497 rerum

59 1533 233 1576 domina
279 1529 505 1572 coniuente
546 1523 739 1566 Viriathi
785 1535 924 1576 genua
971 1522 1070 1560 sunt
1113 1515 1301 1570 amplexi
1345 1513 1414 1555 uel

26 1604 42 1631 5
62 1589 286 1646 Spartaci?
349 1589 455 1642 quot
486 1584 641 1638 capita,
677 1596 784 1637 quae
815 1581 1019 1621 horruere
1054 1579 1217 1631 gentes,
1255 1573 1417 1614 funesti

62 1649 282 1693 carnifices
316 1642 618 1688 absciderunt?
671 1641 780 1683 alter
812 1639 855 1680 in
889 1636 1061 1679 uincula
1093 1633 1275 1684 ducitur,
1307 1631 1418 1672 alter

62 1710 307 1763 insperatae
327 1703 575 1760 praeficitur
600 1698 822 1755 potestati,
856 1697 966 1738 alius
1001 1710 1025 1736 a
1046 1707 1211 1735 summo
1233 1689 1417 1733 culmine

63 1766 291 1822 dignitatis
313 1763 537 1806 excutitur.
600 1760 668 1800 34.
699 1771 807 1812 quae
828 1755 973 1797 omnia
996 1754 1034 1794 si
1055 1753 1163 1793 scire
1192 1750 1419 1805 quisquam

64 1826 173 1869 uelit
216 1838 344 1879 quam
382 1821 503 1863 uaria
540 1819 626 1860 sint
658 1821 700 1858 et
740 1815 936 1866 adsidua,
980 1812 1239 1853 harenarum
1277 1821 1419 1848 nume-

13 1898 48 1926 30
66 1899 161 1927 rum
192 1883 305 1925 idem
337 1882 422 1922 iam
450 1878 664 1932 desipiens
698 1878 741 1916 et
773 1873 987 1915 montium
1017 1869 1207 1924 pondera
1239 1865 1421 1907 scrutari

68 1942 252 1998 putabit.

163 2106 183 2136 2
208 2101 355 2135 feneras
379 2097 446 2132 VP
470 2098 618 2130 teneras
642 2104 710 2138 per
729 2101 843 2126 crenas
868 2090 933 2134 bya
986 2092 1025 2122 13
1050 2086 1142 2120 ludu
1172 2085 1204 2118 V
1253 2087 1291 2118 17
1319 2082 1422 2117 Sam-

71 2148 192 2182 nitum
209 2142 398 2180 atrocitati
419 2140 586 2176 Valesius
599 2120 888 2181 sumstummi
905 2133 956 2178 P]
977 2133 1055 2176 (lac.
1082 2136 1102 2166 5
1119 2131 1205 2165 litt.)
1224 2127 1422 2162 atrocitate

76 2191 145 2226 VP
236 2193 278 2224 19
303 2187 431 2232 Magni
461 2196 528 2220 om.
558 2184 602 2228 by
693 2184 734 2215 23
761 2179 839 2214 nati
871 2179 935 2223 bya
966 2180 1100 2211 natura
1131 2175 1198 2209 VP
1290 2176 1332 2207 31
1357 2183 1424 2216 pu-

71 2236 171 2271 tauit
199 2233 266 2269 VP
289 2231 431 2277 poterit
455 2231 523 2275 bya
