1584 2539
146 50 176 91 2
401 48 722 86 PERDITORVM
745 47 998 84 LIBRORVM
1021 47 1287 91 RELIQVIAE

507 191 682 233 Seuerus
712 191 824 247 (uide
852 192 942 234 Ael.
973 191 1141 248 Hadn).

648 285 711 327 M.
745 285 995 328 Gordianus.

149 367 225 410 Vl.
258 368 325 420 23,
357 368 401 420 ἴ),
437 368 458 408 7
493 368 611 409 cuius
644 367 703 422 (h.
737 383 770 409 e.
801 366 1068 424 Gordiani)
1100 370 1220 409 actus
1253 383 1278 409 a
1310 367 1497 421 pueritia.

265 426 404 479 prima
437 426 781 481 exercitumnque
819 427 1092 468 felicissimos
1124 426 1274 467 ductus
1315 429 1358 468 et
1395 427 1498 468 insi-

265 485 432 526 diosum
467 485 688 525 interitum
721 485 979 539 digessimus
1012 488 1205 539 tempore
1236 485 1496 538 conpetenti.

666 578 713 619 P,
747 578 975 620 Gallienus.

146 659 244 701 VII.
278 660 351 714 21,
387 661 456 713 16,
492 660 556 701 10.
607 660 687 700 Ille
707 659 766 714 (h.
787 675 820 701 e.
841 659 1138 715 Gallienus)
1170 660 1282 702 enim
1302 661 1496 714 perduel-

265 719 428 760 lionum
450 719 611 760 crebris
644 719 841 772 uerisque
862 719 1077 772 adpetitus
1110 719 1290 773 insidiis,
1315 718 1494 761 Aureoli

266 781 308 818 et
342 777 538 818 Postumi
582 780 625 818 et
667 776 849 831 Ingenui
889 782 931 818 et
969 777 1167 819 Valentis
1207 781 1494 832 cognomento

265 835 562 877 Thessalonici
596 835 863 890 aliorumque
894 837 1082 890 plurium
1111 838 1295 878 mortem
1326 837 1496 878 factura

266 895 444 935 crimina
478 894 738 948 aliquotiens
770 895 908 936 lenius
941 895 1200 937 uindicabat.
1235 894 1292 947 [‘?]

618 987 687 1029 Fl.
719 987 1023 1030 Constantinus.

147 1068 266 1110 VIII.
303 1070 367 1122 14,
403 1071 467 1123 11,
500 1070 557 1111 20
589 1094 643 1099 —
676 1070 843 1124 Polam,
873 1071 947 1112 ubi
980 1071 1194 1125 quondam
1226 1074 1496 1125 peremptum

186 1169 189 1171 .
265 1127 601 1170 Constantini
634 1128 769 1169 filium
803 1129 1043 1183 accepimus
1077 1128 1287 1184 Crispum.

144 1208 290 1251 VIIII.
322 1210 391 1263 25,
422 1211 462 1263 4,
494 1210 549 1251 23
583 1210 722 1251 sciant
747 1210 924 1252 docente
956 1211 1139 1252 ueritate
1171 1212 1391 1266 perspicue
1410 1225 1498 1253 non

263 1268 480 1310 Iulianum
513 1268 585 1309 sed
619 1267 1016 1310 Constantinum
1055 1270 1228 1311 ardores
1267 1270 1495 1312 Parthicos

266 1327 532 1368 succendisse
559 1341 654 1368 cum
686 1327 922 1369 Metrodori
954 1328 1188 1370 mendaciis
1221 1329 1388 1370 auidius
1427 1328 1498 1370 ad-

265 1386 463 1440 quiescit,
504 1389 552 1426 ut
583 1385 740 1427 dudum
771 1386 1016 1427 rettulimus
1048 1387 1185 1441 plene.

665 1480 734 1522 Fl.
767 1479 978 1521 Constans.

145 1561 196 1604 X.
216 1562 285 1615 27,
306 1562 345 1615 8,
364 1562 392 1602 4
410 1561 469 1603 Et
483 1562 699 1616 quoniam,
720 1576 814 1603 cum
830 1560 1131 1604 Constantis
1144 1562 1351 1617 principis
1375 1565 1496 1604 actus

264 1635 568 1674 conponerem,
618 1623 760 1662 motus
811 1621 1097 1663 adulescentis
1143 1625 1185 1662 et
1235 1621 1495 1662 senescentis

265 1679 413 1720 oceani
447 1679 660 1733 situmque
681 1679 953 1721 Brittanniae
984 1695 1062 1734 pro
1093 1683 1221 1734 captu
1252 1680 1408 1721 uirium
1429 1694 1498 1720 ex-

264 1738 458 1791 planaui,
490 1738 542 1779 ad
576 1753 642 1791 ea,
675 1752 782 1792 quae
815 1738 984 1792 digesta
1017 1742 1116 1780 sunt
1148 1738 1298 1792 semel,
1330 1738 1497 1780 reuolui

265 1796 523 1850 superfluum
556 1796 668 1837 duxi.

148 1875 221 1919 XI.
253 1877 329 1931 20,
365 1879 405 1931 1,
442 1879 461 1919 1
503 1878 732 1919 uerebatur
769 1877 1001 1934 (lulianus)
1038 1879 1099 1920 ire
1139 1879 1329 1920 subsidio
1361 1881 1500 1920 trans·

264 1936 443 1978 marinis
463 1934 537 1992 (sc.
559 1936 831 1992 Brittannis),
862 1940 910 1978 ut
942 1937 1186 1978 rettulimus
1215 1941 1314 1979 ante
1345 1937 1498 1979 fecisse

266 1994 617 2036 Constantem.

144 2075 244 2119 XII.
282 2075 355 2130 28,
388 2078 431 2130 3,
471 2078 495 2118 8
534 2077 728 2119 Arcanos
774 2091 907 2132 genus
951 2078 1173 2119 hominum
1215 2094 1239 2120 a
1277 2078 1496 2120 ueteribus

266 2135 530 2189 institutum,
572 2151 698 2190 super
730 2137 882 2191 quibus
916 2136 1062 2191 aliqua
1092 2137 1138 2178 in
1169 2137 1337 2178 actibus
1370 2135 1497 2178 Con-

267 2194 458 2235 stantis
490 2195 749 2248 rettulimus,
780 2196 992 2249 paulatim
1022 2194 1249 2249 prolapsos
1278 2196 1323 2236 in
1342 2195 1451 2237 uitia
1471 2210 1496 2237 a

267 2253 527 2294 stationibus
562 2254 649 2294 suis
681 2254 877 2295 remouit.
898 2279 953 2283 —
974 2278 1029 2284 —
1055 2253 1104 2294 Id
1136 2254 1250 2295 enim
1281 2254 1370 2295 illis
1403 2256 1496 2295 erat

268 2310 468 2365 officium,
502 2316 546 2353 ut
581 2312 694 2353 ultro
715 2313 907 2366 citroque
941 2314 1035 2366 [per
1066 2312 1198 2367 longa
1230 2312 1389 2367 spatia]
1413 2312 1494 2353 dis-
