1573 2508
114 62 171 104 26
582 62 685 98 XIIII
710 66 742 106 7,
767 66 808 98 15
833 83 875 88 —
899 66 933 106 8,
958 66 978 97 2

111 160 203 198 stae
223 170 298 210 per
318 155 422 197 haec
445 171 551 211 quae
585 157 740 211 strepit
760 157 927 198 incusat
959 156 1095 198 iratus
1115 157 1319 198 nimirum
1345 156 1459 211 quod

110 217 405 257 contumacem
455 215 738 268 praefectum,
789 214 890 269 quid
933 229 1075 255 rerum
1118 214 1221 256 ordo
1266 215 1459 269 postulat

112 274 311 327 ignorare
331 273 671 314 dissimulantem
695 272 922 314 formidine
943 276 1067 314 tenus
1101 272 1300 314 iusserim
1321 276 1459 315 custo-

108 331 192 373 diri
204 332 223 371 ¹.
266 331 329 371 15.
360 331 470 371 nihil
503 332 659 373 morati
692 334 790 386 post
821 331 926 373 haec
959 331 1169 372 militares
1196 331 1311 373 auidi
1332 346 1458 386 saepe

108 390 334 431 turbarum
355 389 495 431 adorti
522 394 619 432 sunt
641 390 853 432 Montium
883 389 1081 444 primum,
1113 390 1186 444 qui
1215 389 1459 432 diuertebat
1478 406 1494 430 ε»

111 449 155 489 in
186 448 394 501 proximo,
433 448 518 489 leui
557 463 734 502 corpore
775 462 918 489 senem
957 450 1086 502 atque
1120 448 1378 502 morbosum,
1416 451 1460 490 et

110 505 289 547 hirsutis
334 507 549 548 resticulis
595 508 789 548 cruribus
835 507 924 548 eius
963 506 1129 548 innexis
1174 506 1459 549 diuaricatum

111 565 201 605 sine
234 564 495 617 spiramento
517 565 605 606 ullo
627 565 679 607 ad
699 580 832 620 usque
853 565 1119 619 praetorium
1149 568 1319 606 traxere
1340 580 1459 620 prae-

109 623 222 664 fecti.
260 622 322 664 16.
347 625 389 664 et
410 624 558 665 eodem
579 624 741 678 impetu
762 623 1059 665 Domitianum
1081 623 1363 678 praecipitem
1383 638 1458 678 per

110 681 250 722 scalas
283 681 429 722 itidem
451 682 621 723 funibus
643 683 1000 735 constrinxerunt,
1031 696 1188 737 eosque
1209 683 1457 724 coniunctos
1482 700 1512 724 ιο

110 754 185 793 per
229 739 373 793 ampla
418 741 559 794 spat-ia
604 741 794 782 ciuitatis
845 741 933 782 acri
976 744 1203 795 raptauere
1254 741 1459 782 discursu.

109 798 279 851 iamque
312 802 482 840 artuum
515 802 557 840 et
590 800 876 841 membrorum
898 799 1066 840 diuulsa
1094 812 1285 853 conpage
1318 814 1459 854 super-

110 856 362 897 scandentes
401 871 579 911 corpora
619 861 886 900 mortuorum
925 858 977 899 ad
1016 857 1215 899 ultimam
1260 861 1459 899 truncata

108 914 425 956 deformitatem
447 916 565 957 uelut
585 917 821 958 exsaturati
842 931 940 958 mox
960 916 1206 958 abiecerunt
1227 916 1269 957 in
1291 916 1458 958 flumen.

116 973 179 1013 17.
194 973 439 1015 incenderat
460 977 603 1016 autem
618 976 798 1017 audaces
813 990 946 1030 usque
962 975 1015 1017 ad
1035 975 1248 1016 insaniam
1263 974 1457 1016 homines
1481 996 1512 1019 ιτ,

111 1031 163 1072 ad
196 1031 312 1085 haec,
345 1047 452 1086 quae
478 1034 655 1075 nefariis
688 1047 813 1088 egere
835 1034 1073 1087 conatibus,
1104 1033 1265 1075 Luscus
1287 1033 1459 1088 quidam

110 1092 281 1131 curator
312 1091 428 1132 urbis
463 1093 605 1134 subito
628 1093 764 1134 uisus:
798 1107 954 1147 eosque
987 1095 1034 1133 ut
1066 1092 1262 1133 heiulans
1296 1092 1459 1133 baiolo-

109 1162 203 1188 rum
235 1152 486 1201 praecentor
506 1150 558 1192 ad
580 1151 884 1205 expediendum
905 1151 1014 1205 quod
1035 1151 1121 1192 orsi
1154 1154 1251 1192 sunt
1274 1151 1458 1192 incitans

110 1206 286 1247 uocibus
326 1208 498 1250 crebris.
569 1209 641 1264 qui
684 1209 790 1251 haut
834 1209 962 1264 longe
1005 1213 1155 1264 postea
1199 1209 1292 1250 ideo
1335 1210 1457 1250 uiuus

111 1267 284 1306 exustus
318 1269 395 1307 est.
1419 1315 1425 1322 ,
1478 1289 1512 1314 20

232 1324 297 1365 18.
317 1324 374 1365 Et
389 1326 489 1380 quia
503 1325 693 1367 Montius
710 1327 820 1367 inter
835 1326 1193 1367 dilancinantium
1208 1341 1359 1368 manus
1375 1326 1458 1380 spi-

109 1381 243 1422 ritum
275 1382 496 1425 efflaturus
524 1384 771 1439 Epigonum
803 1387 845 1425 et
865 1384 1100 1425 Eusebium
1121 1399 1197 1426 nec
1230 1384 1458 1439 professio-

109 1454 207 1481 nem
238 1455 315 1482 nec
347 1441 604 1496 dignitatem
636 1443 865 1484 ostendens
899 1443 1160 1497 aliquotiens
1194 1443 1457 1497 increpabat,

110 1499 183 1552 qui
221 1499 307 1540 sint
344 1499 389 1540 hi
429 1514 586 1555 magna
625 1502 912 1556 quaerebatur
950 1501 1178 1555 industria,
1223 1504 1265 1542 et
1302 1502 1458 1556 nequid
1572 1551 1573 1555 Ἰ

109 1557 395 1611 intepisceret‚
427 1559 649 1613 Epigonus
685 1575 706 1601 e
739 1560 871 1614 Lycia
903 1559 1185 1614 philosophus
1217 1560 1385 1601 ducitur
1415 1564 1458 1601 et
1478 1580 1512 1606 25
1572 1568 1573 1571 ’

108 1614 322 1657 Eusebius
355 1617 408 1657 ab
442 1617 615 1659 Emissa
647 1618 839 1660 Pittacas
876 1622 1179 1673 cognomento,
1217 1619 1458 1660 concitatus

108 1676 270 1727 orator,
302 1689 396 1716 cum
430 1680 632 1730 quaestor
657 1692 744 1718 non
775 1678 852 1718 hos
875 1677 947 1718 sed
978 1677 1175 1719 tribunos
1196 1677 1459 1718 fabricarum

111 1731 404 1774 insimulasset
442 1735 743 1788 promittentes
776 1750 993 1777 armorum
1026 1735 1062 1776 si
1100 1750 1236 1777 nouas
1269 1749 1336 1777 res
1369 1735 1459 1790 agi-

110 1790 194 1830 tari
208 1792 511 1844 conperissent.
536 1793 599 1834 19.
621 1794 755 1834 isdem
769 1794 917 1834 diebus
935 1793 1202 1847 Apollinaris
1218 1793 1458 1835 Domitiani

110 1861 259 1901 gener,
297 1850 425 1902 paulo
465 1855 564 1892 ante
603 1865 734 1906 agens
774 1852 928 1906 palatii
966 1851 1164 1893 Caesaris
1204 1866 1367 1905 curam,
1405 1851 1511 1894 adso

110 1905 470 1960 Mesopotamiam
504 1910 657 1951 missus
691 1926 714 1952 a
742 1925 886 1952 socero
919 1925 994 1964 per
1025 1910 1237 1952 militares
1257 1924 1456 1952 numeros

204 2072 219 2100 1
247 2067 412 2103 incausat
444 2069 509 2103 ΓΡ
584 2075 603 2103 5
629 2071 841 2105 diuertebat
865 2071 899 2105 Α
924 2071 1146 2107 deuertebat
1176 2071 1243 2105 VP
1318 2074 1338 2105 6
1362 2081 1459 2106 mor·

111 2111 241 2146 bosum
275 2112 307 2145 G
344 2113 554 2148 mordosum
591 2114 658 2149 VP
760 2119 797 2150 11
831 2116 1026 2160 raptauere
1060 2115 1093 2150 G
1155 2125 1309 2150 arauere
1347 2115 1459 2151 VPba

114 2159 155 2190 14
171 2167 255 2190 mox
281 2166 346 2191 om.
366 2158 409 2199 ba
458 2163 496 2192 17
516 2169 652 2203 eosque
671 2179 711 2184 —
735 2163 773 2194 18
792 2159 1066 2204 expediendum
1084 2170 1106 2194 a
1137 2160 1174 2197 d.
1197 2159 1250 2193 V‘n
1301 2164 1340 2195 19
1357 2159 1459 2195 haud

110 2200 215 2245 Pbya
240 2201 334 2235 hanc
367 2201 399 2234 V
477 2206 516 2237 21
545 2203 852 2238 dilancinantium
878 2204 1079 2239 Lindenbr.
1110 2204 1388 2239 dilatinantium
1417 2203 1459 2240 V.

112 2248 161 2295 23·
179 2245 423 2297 increpabant
454 2247 520 2281 VP
588 2252 631 2282 25
655 2258 674 2282 e
697 2247 813 2299 “Lycia
838 2249 903 2294 byn
928 2249 1019 2283 haec
1044 2249 1130 2283 licia
1159 2248 1199 2284 V.
1264 2252 1305 2284 26
1330 2248 1378 2283 ad
1403 2248 1458 2284 di-

664 2304 671 2311 ·
813 2305 820 2316 ι
842 2306 847 2313 .
884 2297 891 2303 ·
1102 2297 1121 2314 ί)

111 2291 474 2370 iiiiiiiigiiigtltgizifisai‘zz
510 2291 553 2370 ξε)
565 2291 912 2381 Ξοῗιῐέἒέἰῖιεέἓῖεὲἳιῗ
929 2293 1144 2382 οἰῃιζιῃίεεθιῖῗ
1159 2292 1459 2383 lffggz‘gggssnffi
