1573 2508
130 65 184 108 32
608 65 713 100 XIIII
737 69 770 110 9,
795 68 816 99 ὓ
841 85 883 90 -
910 69 961 108 10,
987 70 1007 100 5

132 159 310 202 uidisset
342 161 570 215 quicquam
607 175 683 202 nec
722 160 913 202 audisset
950 160 1120 214 penitus
1153 174 1303 214 expers
1342 159 1480 201 foren-

132 219 242 260 sium
274 234 433 272 rerum3
471 219 685 260 Eusebius
724 234 825 260 uero
859 219 1028 261 obiecta
1066 219 1264 260 fidentius
1302 231 1479 273 negans,

133 292 362 332 suspensus
400 278 445 318 111
483 278 631 319 eodem
669 278 803 333 gradu
842 278 1110 319 constantiae
1149 277 1271 319 stetit
1309 276 1477 318 latroci-

133 336 249 377 nium
277 336 384 376 illud
410 351 514 390 esse,
545 351 628 379 non
649 336 851 378 iudicium
872 337 1076 378 clamans.
1108 338 1146 377 6.
1179 349 1357 390 ciunque
1390 349 1480 390 per-

133 395 318 435 tinacius
351 398 398 436 ut
430 395 574 449 legum
596 409 754 449 gnarus
787 398 1079 437 accusatorem
1112 395 1332 449 flagitaret
1351 396 1479 448 atque

135 453 380 506 sollemnia,
419 453 567 495 doctus
606 454 648 495 id
681 452 839 496 Caesar
871 454 1202 508 libertatemque
1234 452 1481 507 superbiam

134 515 253 552 ratus
293 515 513 566 tamquam
558 513 893 554 obtrectatorem
938 513 1142 554 audacem
1188 511 1481 553 excarnificari

135 571 372 624 praecepit,
412 571 483 625 qui
522 571 583 612 ita
622 572 883 613 euisceratus
915 574 962 612 ut
994 571 1255 612 cruciatibus
1288 570 1481 611 membra

136 628 350 682 deessent,
388 629 609 683 inplorans
648 630 766 671 caelo
806 630 1035 683 iustitiam,
1074 633 1245 671 toruum
1283 629 1481 670 renidens

137 687 314 728 fundato
346 690 519 740 pectore
552 689 710 730 mansit
742 688 962 730 inmobilis
995 703 1069 729 nec
1104 703 1147 729 se
1180 689 1374 729 incusare
1407 701 1482 728 nec

138 760 394 800 quemquam
427 746 558 788 alium
592 762 743 801 passus
777 750 820 787 et
850 747 1024 788 tandem
1055 762 1132 788 nec
1166 746 1385 787 confessus
1406 759 1482 787 nec

138 804 382 846 confutatus
425 819 519 846 cum
565 806 732 847 abiecto
778 809 974 847 consorte
1020 805 1191 859 poenali
1236 808 1301 846 est
1345 807 1482 846 morte

139 863 359 904 multatus.
421 867 463 904 et
502 864 736 906 ducebatur
772 864 1011 919 intrepidus
1050 867 1292 918 temporum
1332 863 1483 917 iniqui-

139 921 220 962 tati
241 921 467 976 insultans,
487 922 682 964 imitatus
703 922 917 964 Zenonem
937 923 1061 964 illum
1082 926 1271 964 ueterem
1292 920 1483 963 Stoicum

109 980 212 1034 ,qui
245 985 291 1021 ut
323 981 576 1022 mentiretur
608 981 815 1036 quaedam
848 982 1061 1024 laceratus
1085 981 1258 1034 diutius,
1289 980 1485 1022 auulsam
1522 975 1538 1015 ἓ»

140 1038 312 1080 sedibus
345 1039 540 1094 linguam
573 1056 693 1082 suam
727 1055 821 1081 cum
854 1044 1028 1082 cruento
1053 1040 1295 1094 sputamine
1328 1039 1372 1080 in
1391 1053 1485 1080 ocu-

141 1096 205 1138 los
239 1096 548 1151 interrogantis
582 1097 727 1153 Cyprii
759 1099 874 1153 regis
907 1099 1084 1153 inpegit.

260 1156 296 1196 7.
317 1154 424 1197 Post
443 1156 548 1198 haec
570 1157 863 1199 indimientum
885 1158 1030 1212 regale
1049 1157 1334 1212 quaerebatur
1349 1159 1392 1198 et
1412 1155 1486 1197 mi-

141 1214 290 1254 nistris
311 1215 516 1256 fucandae
536 1230 749 1270 purpurae
770 1216 897 1257 tortis
913 1216 1203 1270 confessisque
1223 1215 1486 1270 pectoralem

141 1271 377 1314 tuniculam
398 1274 488 1314 sine
521 1274 701 1315 manicis
734 1278 910 1327 textam,
943 1274 1085 1316 Maras
1117 1274 1289 1316 nomine
1314 1273 1487 1328 quidam

142 1330 338 1372 inductus
380 1335 446 1372 est
478 1357 531 1361 ——
565 1336 611 1374 ut
653 1333 876 1387 appellant
914 1332 1151 1374 Christiani
1185 1357 1237 1362 —
1271 1332 1488 1383 diaconus,

143 1388 262 1430 cuius
306 1390 503 1443 prolatae
548 1391 719 1433 litterae
765 1393 949 1446 scriptae
989 1391 1152 1433 Graeco
1198 1405 1391 1432 sermone
1435 1390 1487 1433 ad

143 1446 266 1502 Tyrii
303 1448 481 1490 textrini
518 1450 810 1504 praepositum
849 1451 1028 1492 celerari
1066 1450 1250 1504 speciem
1288 1462 1487 1504 perurge-

144 1505 250 1547 bant
270 1531 323 1535 —
345 1521 474 1562 quam
507 1511 649 1549 autem
681 1523 767 1549 non
800 1509 1048 1550 indicabant
1069 1533 1122 1538 —
1144 1508 1324 1563 denique
1357 1507 1488 1549 etiam

144 1565 256 1606 idem
277 1565 329 1606 ad
361 1581 494 1620 usque
516 1566 742 1608 discrimen
770 1568 884 1609 uitae
906 1571 1084 1609 uexatus
1104 1567 1213 1608 nihil
1246 1566 1374 1608 fateri
1395 1580 1487 1607 eon-

143 1623 292 1677 pulsus
317 1627 393 1666 est.
427 1626 464 1667 8.
491 1626 739 1680 quaestione
767 1626 901 1680 igitur
926 1641 1001 1680 per
1022 1625 1284 1679 multiplices
1305 1625 1488 1666 dilatata

144 1683 339 1723 fortunas
373 1697 467 1724 cum
501 1684 821 1738 ambigerentur
842 1684 1063 1739 quaedam,
1093 1699 1180 1726 non
1199 1684 1319 1726 nulla
1352 1683 1488 1724 leuius

145 1740 327 1782 actitata
359 1746 594 1795 constaret,
634 1746 731 1796 post
769 1743 1001 1784 multorum
1035 1744 1177 1786 clades
1210 1741 1488 1797 Apollinares

146 1799 272 1840 ambo
310 1803 434 1854 pater
472 1805 514 1842 et
552 1801 665 1842 filius
705 1802 747 1842 in
786 1802 961 1843 exilium
1000 1802 1085 1843 acti
1125 1816 1218 1843 cum
1257 1801 1309 1842 ad
1348 1800 1489 1841 locum

147 1856 346 1899 Crateras
391 1860 561 1900 nomine
606 1859 919 1913 peruenissent,
964 1860 1115 1902 uillam
1160 1860 1325 1902 seilicet
1368 1872 1490 1900 suam

147 1931 254 1970 quae
300 1917 353 1958 ab
392 1917 623 1960 Antiochia
667 1918 901 1960 uicensimo
946 1923 989 1960 et
1032 1922 1186 1974 quarto
1231 1917 1490 1972 disiungitur

148 1975 306 2028 lapide,
338 1980 386 2017 ut
418 1977 666 2018 mandatum
701 1981 782 2030 est,
820 1978 970 2019 fractis
1003 1978 1197 2019 cruribus
1230 1975 1490 2018 occiduntur.

148 2033 186 2073 9.
219 2038 315 2086 post
336 2049 515 2088 quorum
542 2050 688 2077 necem
709 2036 846 2077 nihilo
869 2036 1006 2078 lenius
1039 2036 1249 2078 ferociens
1270 2034 1422 2077 Gallus
1444 2037 1490 2075 ut

238 2164 258 2194 3
281 2160 496 2195 cunctantia
521 2163 577 2195 est
601 2163 640 2195 et
670 2162 708 2196 id
739 2161 806 2196 VP
830 2163 1025 2198 cunctatus
1050 2162 1106 2196 est
1141 2162 1160 2196 b
1185 2173 1207 2196 a
1233 2163 1287 2205 (et
1321 2160 1361 2195 id
1384 2160 1404 2195 b
1430 2170 1490 2194 ex-

148 2203 244 2238 stitit
260 2205 294 2238 A
319 2214 386 2239 om.
405 2205 453 2250 G)
501 2210 521 2240 8
547 2207 588 2240 ut
615 2206 686 2240 GA
711 2206 754 2241 iis
778 2206 865 2241 VPb
912 2210 932 2242 9
951 2217 1102 2241 coruum
1126 2205 1159 2240 V
1242 2210 1280 2241 17
1307 2204 1430 2250 Cyprii
1456 2205 1491 2238 A

149 2248 291 2292 cyprini
322 2249 433 2294 VPby
523 2254 566 2284 22
591 2250 759 2294 prolatae
791 2251 921 2286 literae
947 2251 1105 2296 scriptae
1133 2251 1166 2286 G
1192 2251 1377 2295 prolatet-e
1403 2248 1490 2284 scri·

149 2294 237 2337 ptae
270 2293 379 2328 VPba
405 2294 551 2338 prolata
576 2295 755 2338 rescripta
781 2295 957 2332 Ezssenh.
1031 2300 1074 2329 23
1099 2295 1326 2340 perurgebat
1355 2292 1492 2339 VPbya

150 2341 193 2372 ‘28
218 2339 302 2382 post
325 2348 391 2373 om.
420 2339 473 2373 Pb
566 2344 608 2373 :32
635 2340 757 2383 lupide
788 2341 882 2384 l'ngm
912 2340 1028 2375 lai-ide
1062 2340 1091 2374 V

1563 379 1571 395 δ

1498 404 1515 430 5
1567 402 1569 422 ἶ

1505 700 1536 723 10

1507 1284 1540 1309 20

1508 1576 1542 1600 25

1509 1869 1544 1894 30
