1614 2549
391 67 648 104 CONSTANT
652 68 730 103 IVS
755 68 817 103 ΕΤ
842 68 1029 104 GALLVS
1054 73 1120 104 354
1375 70 1430 113 33

80 164 148 205 leo
180 163 459 204 cadaueribus
490 165 641 216 pastus
673 163 812 204 multa
844 163 968 205 huius
1002 164 1118 205 modi
1142 164 1429 205 scrutabatur.

82 236 189 277 quae
229 221 402 276 singula
437 236 614 262 narrare
646 235 734 262 non
764 221 914 275 refert,
953 237 1005 263 ne
1043 222 1308 276 professione
1342 236 1430 263 mo-

80 281 192 334 dum,
225 280 338 334 quod
369 279 618 321 euitandum
650 284 728 334 est,
760 281 1025 327 excedamus.

201 337 274 380 10.
300 340 335 379 1.
348 338 467 380 Haec
488 339 589 380 dum
609 339 751 380 oriens
771 339 844 380 diu
862 340 1086 393 perferret,
1108 339 1216 381 caeli
1235 342 1427 381 reserato

42 412 60 437 5
79 400 227 451 tepore
261 395 539 438 Constantius
579 397 803 438 consulatu
842 412 916 439 suo
957 398 1115 452 septies
1155 402 1197 439 et
1230 396 1427 440 Caesaris

79 459 144 497 ter
175 469 373 510 egressus
392 455 571 497 Arelate
592 455 843 497 Valentiam
873 457 995 510 petit,
1027 457 1073 497 in
1100 456 1429 498 Gundomadum

80 517 142 559 et,
172 514 483 555 Vadomarium
531 513 688 555 fratres
739 515 1083 557 Alamannorum
1132 528 1257 569 reges
1309 530 1429 556 arma

79 576 291 626 moturus,
324 587 506 627 quorum
539 573 698 614 crebris
733 574 982 615 excursibus
1015 574 1302 615 uastabantur
1335 588 1430 614 con-

79 631 185 672 fines
205 631 418 672 limitibus
439 634 581 672 terrae
603 631 840 673 Gallorum.
891 632 929 673 2.
951 633 1134 686 dumque
1167 632 1230 673 ibi
1250 631 1322 672 diu
1342 646 1429 673 mo-

26 706 61 731 10
79 692 200 732 ratur
232 692 495 731 commeatus
529 690 767 744 opperiens,
801 705 982 745 quorum
1014 691 1348 732 translationem
1380 705 1430 731 ex

78 748 316 803 Aquitania
348 749 470 790 uerni
506 749 665 790 imbres
699 749 828 790 solito
862 750 1099 791 crebriores
1139 749 1430 803 prohibebant

80 807 278 861 auctique
316 810 546 861 torrentes,
584 806 854 849 Herculanus
895 808 1071 849 aduenit
1108 810 1328 862 protector
1360 808 1430 849 do-

79 866 294 919 messiacus,
325 865 612 920 Hermogenis
641 881 691 907 ex
711 867 922 921 magistro
946 867 1136 922 equitum
1156 867 1285 920 filius,
1318 866 1430 920 apud

80 923 515 978 Constantinopolim,
547 928 595 966 ut
628 940 755 979 supra
788 926 1047 979 rettulimus,
1079 925 1278 980 populari
1300 939 1430 978 quon-

27 998 61 1024 15
81 983 179 1024 dam
216 983 389 1024 turbela
426 983 642 1038 discerpti.
704 999 787 1038 quo
820 984 1044 1025 uerissime
1076 984 1288 1025 referente
1322 998 1430 1038 quae

80 1040 231 1083 Gallus
269 1044 436 1096 egerat,
481 1043 647 1084 damnis
693 1057 818 1096 super
861 1043 1108 1096 praeteritis
1148 1056 1343 1084 maerens
1389 1046 1431 1082 et

79 1100 323 1142 futurorum
354 1100 509 1142 timore
542 1116 773 1155 suspensus
807 1115 1014 1156 angorem
1046 1101 1180 1143 animi
1200 1115 1329 1155 quam
1361 1100 1433 1141 diu

78 1159 221 1213 potuit
241 1160 509 1201 emendabat.
567 1160 605 1201 3.
625 1160 750 1201 miles
783 1164 931 1201 tamen
962 1160 1127 1202 interea
1148 1159 1286 1201 omnis
1320 1159 1431 1213 apud

82 1216 311 1259 Cabillona
344 1218 549 1259 collectus
588 1233 807 1259 morarum
838 1218 1055 1273 inpatiens
1090 1218 1312 1260 saeuiebat
1350 1217 1432 1258 hoc

28 1292 64 1318 20
82 1275 314 1330 inritatior‚
354 1277 467 1330 quod
497 1291 573 1318 nec
607 1276 797 1318 subsidia
829 1277 1002 1318 uiuendi
1042 1280 1319 1331 suppeterent
1356 1276 1433 1318 ali-

82 1334 240 1376 mentis
271 1335 460 1376 nondum
492 1350 543 1376 ex
574 1350 654 1376 usu
685 1335 922 1376 translatis.
983 1337 1022 1377 4.
1049 1336 1159 1377 unde
1179 1335 1358 1377 Rufinus
1382 1349 1433 1376 ea

81 1395 340 1448 tempestate
383 1393 626 1448 praefectus
670 1393 887 1448 praetorio
928 1394 981 1435 ad
1021 1394 1250 1436 discrimen
1287 1396 1432 1434 trusus

82 1455 148 1493 est
177 1452 392 1493 ultimum.
429 1453 491 1493 ire
525 1453 639 1494 enim
669 1453 762 1506 ipse
795 1453 1120 1506 conpellebatur
1151 1453 1205 1494 ad
1236 1452 1433 1504 militem,

83 1525 209 1565 quem
247 1511 500 1565 exagitabat
537 1511 683 1565 inopia
723 1511 851 1552 simul
891 1515 933 1552 et
970 1511 1142 1564 feritas,
1190 1514 1231 1551 et
1270 1511 1434 1565 alioqui

28 1586 63 1612 25
83 1569 242 1611 coalito
274 1584 392 1611 more
424 1570 471 1611 in
501 1570 742 1611 ordinarias
763 1570 998 1624 dignitates
1034 1584 1235 1624 asperum
1266 1583 1433 1623 semper

83 1630 126 1669 et
158 1642 346 1683 saeuum,
378 1631 426 1670 ut
458 1629 729 1670 satisfaceret
749 1632 877 1683 atque
910 1631 1184 1682 monstraret,
1217 1642 1347 1683 quam
1379 1628 1432 1669 ob

82 1700 257 1728 causam
290 1701 484 1729 annonae
517 1687 737 1729 conuectio
772 1687 829 1728 sit
860 1688 1064 1742 inpedita.
1107 1687 1144 1729 5.
1166 1687 1279 1742 quod
1304 1700 1433 1740 opera

83 1746 279 1788 consulta
312 1746 587 1800 cogitabatur
619 1748 774 1800 astute,
806 1750 854 1787 ut
884 1746 966 1788 hoc
998 1746 1252 1788 insidiarum
1279 1759 1433 1800 genere

84 1802 201 1845 Galli
232 1805 393 1859 periret
413 1805 662 1858 auunculus,
693 1819 746 1846 ne
768 1819 865 1846 eum
891 1808 939 1846 ut-
970 1808 1230 1859 praepotens
1263 1807 1434 1845 acueret

31 1862 131 1905 eoin
167 1862 368 1905 fiduciam
407 1864 591 1905 exitiosa
631 1866 916 1917 coeptantem.
978 1879 1126 1905 uerum
1170 1866 1331 1905 nauata
1370 1865 1440 1902 est

177 2039 197 2069 2
221 2046 269 2070 ne
293 2035 533 2080 professionis
558 2037 624 2082 byca
660 2047 729 2071 nec
755 2036 1001 2081 professiones
1032 2036 1098 2071 VP
1190 2043 1209 2072 3
1235 2035 1336 2080 quod
1361 2035 1436 2069 eui-

85 2079 242 2114 tandum
266 2081 303 2114 A
328 2080 428 2125 quod
454 2081 638 2115 euitatum
664 2081 706 2126 by
730 2081 831 2125 quod
854 2081 1080 2115 saeuit-atum
1109 2080 1176 2115 VP
1233 2085 1254 2114 6
1278 2081 1337 2115 ter
1368 2079 1435 2113 Va.-

87 2124 198 2160 lesius
219 2125 358 2159 iterum
379 2125 517 2170 VPbya
563 2125 853 2160 Gundomadum
872 2126 943 2160 GA
967 2126 1237 2171 gundoundum
1259 2124 1294 2157 V
1337 2129 1357 2160 8
1376 2135 1435 2159 ex-

87 2179 194 2204 cursa
215 2169 283 2204 VP
331 2174 370 2204 11
391 2170 549 2205 Aruerni
571 2170 710 2204 imbres
729 2170 763 2204 G
779 2170 1034 2205 auemimbres
1057 2170 1091 2205 V
1104 2180 1217 2214 aurns
1234 2169 1384 2204 umbres
1402 2170 1436 2203 P

87 2218 128 2248 12
153 2214 329 2259 auctique
357 2214 391 2249 G
415 2215 583 2259 anitique
613 2215 681 2249 VP
761 2214 944 2249 forrentes
974 2215 1009 2248 V
1091 2220 1129 2250 12
1148 2213 1435 2260 Ἑρκουλιανός

87 2258 273 2294 Itz'banius
297 2269 351 2303 ep.
374 2261 445 2294 '724
519 2264 561 2294 14
584 2262 628 2294 ut
651 2259 840 2303 quondam
870 2260 903 2293 V
971 2264 1010 2294 16
1036 2260 1182 2295 damnis
1207 2260 1276 2304 hya
1303 2259 1435 2293 domis-

85 2314 182 2347 ‚quae
212 2303 247 2337 V
267 2303 398 2338 domus
421 2305 458 2339 P
506 2308 546 2339 17
572 2304 868 2348 quamquamdiu
898 2304 964 2338 VP
1008 2309 1048 2339 19
1074 2309 1107 2340 et
1126 2315 1166 2348 12.
1186 2307 1239 2345 34,
1266 2308 1284 2337 2
1311 2303 1436 2347 cabyl-

89 2347 177 2382 lona
205 2348 239 2382 V
262 2348 364 2391 (fort.
389 2349 453 2392 rc.)
547 2353 589 2383 29
617 2347 714 2383 Galli
741 2348 775 2383 G
798 2349 886 2383 talis
915 2349 1006 2384 VPa

159 2412 336 2437 Aumaxvs
356 2412 599 2438 MAncnnnmvs.
