1614 2549
371 60 713 97 CONSTANTIVS
738 62 799 97 ET
824 61 1054 98 IVLIANVS
1079 66 1145 117 3360
1353 63 1438 108 225

206 155 271 197 16.
302 155 476 209 Iamque
510 156 751 210 aggeribus
776 157 1032 198 cumulatius
1054 155 1264 210 excitatis,
1296 156 1438 198 defen-

84 228 214 268 sores,
245 214 291 254 ni
322 214 591 268 uigilassent,
624 214 803 256 exitium
829 215 974 256 adfore
1006 215 1093 256 iam
1125 217 1359 269 sperantes,
1391 216 1436 256 in

83 271 306 313 audaciam
336 286 458 313 ruere
490 273 770 327 praecipitem
802 276 844 314 et
876 273 1100 328 repentino
1128 273 1308 314 decursu
1339 288 1434 327 por-

81 330 138 371 tis
160 330 280 371 effusi
312 331 560 385 primosque
582 331 723 373 adorti
743 335 1002 385 nostrorum,
1034 331 1149 373 faces
1182 331 1432 386 sitellasque

45 401 62 427 5
81 387 241 430 ferreas
275 392 450 431 onustas
489 390 664 444 ignibus
703 390 748 431 in
780 390 936 432 arietes
970 390 1139 444 magnis
1177 390 1343 432 uiribus
1378 391 1435 432 ia·
1482 438 1485 440 ‚

81 446 263 488 ciebant.
329 449 394 489 17.
426 463 576 490 uerum
615 451 715 502 post
747 449 995 503 ambiguam
1033 448 1189 502 proelii
1227 449 1435 490 uirtutem

77 505 258 559 plurimi
287 507 407 548 nullo
440 507 656 561 inpetrato
678 507 794 549 intra
814 507 985 549 moenia
1009 507 1294 560 repelluntur:
1318 522 1434 549 mox—

80 578 161 618 que
194 579 245 606 ex
277 566 521 620 aggeribus,
561 580 665 620 quos
700 568 923 607 erexerant
954 565 1152 619 Romani,
1190 566 1303 606 idem
1335 565 1434 607 Per-

79 637 152 664 sae
183 625 518 678 propugnaculis
552 625 800 666 insistentes
822 624 995 679 sagittis
1028 624 1364 678 incessebantur,
1392 628 1434 665 et

26 696 59 721 10
78 680 221 723 fundis
254 682 439 737 telisque
471 683 681 738 igniferis,
720 698 826 738 quae
858 698 934 737 per
965 685 1218 737 tegumenta
1249 683 1433 724 turrium

77 740 321 795 uolitantia,
352 742 516 795 paratis
551 742 623 797 qui
654 743 985 796 restinguerent,
1016 741 1269 796 plerumque
1302 742 1433 783 inrita

77 798 347 841 labebantiuz

199 859 265 900 18.
286 857 475 913 Cumque
501 859 725 913 pauciores
746 858 979 913 utrubique
1010 858 1164 900 fierent
1194 858 1431 899 bellatores

78 919 121 957 et
151 915 308 958 Persae
339 917 614 959 truderentur
647 918 700 958 ad
732 917 898 971 ultima,
936 917 982 957 ni
1013 916 1158 971 potior
1189 916 1303 957 ratio
1343 931 1431 958 suc-

23 988 57 1015 15
78 975 292 1030 currisset,
329 976 571 1030 inpensiore
610 990 741 1030 opera
778 989 1005 1030 procursus
1044 975 1343 1029 temptabatur
1381 989 1432 1016 ex

77 1034 243 1088 castris,
288 1037 331 1075 et
369 1036 592 1089 eruptione
636 1035 780 1076 subita
818 1033 1108 1075 multitudinis
1146 1034 1274 1087 facta,
1318 1034 1432 1074 inter

76 1095 280 1147 armatos,
327 1094 399 1148 qui
440 1094 676 1148 portabant
720 1094 847 1147 igniS,
893 1092 1178 1146 amplioribus
1220 1091 1430 1133 ordinatis

75 1151 345 1193 iaciebantur
365 1153 514 1193 corbes
547 1153 591 1193 in
618 1152 824 1193 materias
856 1151 1019 1192 ferreae
1052 1151 1205 1205 plenae
1237 1150 1430 1192 flamma-

75 1224 181 1264 rum,
215 1213 257 1251 et
290 1214 507 1252 sarmenta
540 1211 710 1265 aliaque
744 1210 795 1251 ad
827 1210 950 1264 ignes
973 1208 1272 1263 concipiendos
1301 1209 1430 1263 aptis-

22 1283 56 1310 20
77 1269 199 1310 sima.
264 1269 328 1310 19.
356 1272 399 1310 et
419 1270 519 1324 quia
551 1272 827 1323 conspectum
861 1268 1130 1309 abstulerant
1163 1267 1271 1308 fumi
1289 1268 1429 1321 niger-

75 1327 210 1369 rimae
248 1328 397 1382 nubes,
437 1328 618 1369 classico
658 1328 872 1369 excitante
910 1327 955 1368 in
992 1339 1195 1381 pugnam,
1235 1325 1429 1380 legiones

74 1387 320 1440 procinctae
353 1387 480 1428 celeri
515 1387 651 1441 gradu
682 1388 891 1428 uenerunt
924 1388 966 1426 et
999 1386 1297 1426 subcrescente
1329 1399 1431 1438 pau-

75 1445 201 1485 latim
234 1445 384 1486 ardore
417 1445 609 1487 bellandi
649 1460 744 1486 cum
776 1447 954 1486 uentum
992 1443 1148 1485 fuisset
1180 1443 1233 1484 ad
1264 1457 1430 1496 manus,

74 1506 250 1557 repente
299 1503 524 1546 machinae
576 1518 722 1545 omnes
777 1503 922 1545 effusis
972 1502 1146 1557 ignibus
1196 1502 1431 1543 urebantur

19 1573 56 1604 '25
73 1564 245 1616 praeter
288 1563 513 1617 maiorem,
564 1577 692 1617 quam
736 1562 919 1616 diruptis
964 1561 1164 1614 restibus,
1209 1560 1363 1615 quibus
1409 1575 1430 1601 e

74 1635 195 1662 muro
228 1621 352 1662 iactis
385 1622 687 1676 inplicabatur,
724 1621 914 1662 uirorum
942 1619 1119 1661 fortium
1146 1619 1284 1661 acrior
1309 1619 1429 1660 nisus

76 1693 203 1734 aegre
239 1683 476 1721 semustam
508 1680 707 1722 extraxit.

193 1738 262 1780 20.
293 1738 353 1780 At
379 1739 453 1780 ubi
484 1743 719 1780 nocturnae
751 1739 955 1779 tenebrae
987 1737 1116 1778 finem
1147 1736 1326 1790 proeliis
1360 1736 1429 1777 ad-

73 1798 279 1851 tulerunt,
310 1812 397 1839 non
427 1798 473 1838 in
504 1798 684 1852 longum
715 1797 847 1838 militi
879 1796 1000 1850 quies
1034 1796 1146 1836 data.
1198 1795 1293 1835 cibo
1316 1795 1431 1836 enim

21 1872 56 1898 30
76 1857 231 1910 exiguo
276 1856 462 1898 refectus
503 1859 545 1897 et
590 1871 753 1909 somno,
796 1858 1011 1896 rectorum
1054 1853 1222 1895 monitu
1266 1853 1429 1893 excitus

75 1915 337 1955 munitiones
359 1930 383 1956 a
403 1929 524 1956 muro
557 1915 687 1968 longe
708 1913 910 1966 demouit,
942 1913 1146 1953 dimicare
1173 1911 1429 1952 succinctius

74 1988 234 2028 parans
274 1987 351 2027 per
393 1974 599 2015 sublimes
642 1975 861 2027 aggestus,
903 1972 975 2026 qui
1015 1972 1102 2012 iam
1144 1970 1431 2012 consummati

165 2071 212 2104 *1
231 2070 434 2105 defensoris
459 2081 506 2104 ne
536 2070 603 2106 VP
689 2074 709 2104 2
735 2070 783 2104 ad
806 2069 957 2104 fortiam
987 2068 1056 2102 VP
1125 2071 1145 2101 6
1170 2066 1304 2112 proelii
1328 2066 1432 2111 qua

74 2116 259 2159 proeliam
279 2115 312 2149 V
357 2120 374 2150 7
399 2115 552 2160 plurimi
577 2116 644 2159 bya
669 2114 839 2159 plurimis
869 2114 936 2148 VP
968 2113 1074 2147 nullo
1104 2112 1143 2148 Ο.
1170 2112 1219 2147 F.
1248 2111 1306 2146 W.
1331 2111 1431 2145 Mm-

76 2162 129 2195 ler
151 2159 247 2194 nihil
271 2160 374 2196 codd.
427 2165 467 2195 10
491 2160 692 2194 imbferis
717 2160 806 2202 (fuit
838 2161 867 2203 s)
898 2158 932 2192 V
958 2158 1145 2203 ignisferis
1174 2158 1210 2191 P
1264 2160 1305 2190 21
1338 2156 1428 2190 clas-

74 2205 150 2239 sico
190 2205 261 2240 GA
297 2205 458 2249 clausica
499 2190 533 2238 ἢ
567 2205 681 2239 clausi
717 2215 761 2238 ea
790 2204 848 2238 Pb
939 2207 981 2237 23
1006 2213 1105 2253 ‚cum
1146 2202 1212 2247 bya
1253 2211 1321 2235 con
1365 2200 1433 2234 VP

75 2250 124 2285 ad
147 2250 216 2295 bqa
239 2252 278 2285 in
307 2250 376 2285 VP
467 2253 510 2284 25
536 2250 695 2294 diruptis
719 2249 852 2292 scripsi
877 2248 1033 2292 direptls
1058 2247 1162 2282 codd.
1251 2250 1293 2280 29
1318 2245 1431 2279 mihti

76 2295 181 2339 quies
214 2296 304 2330 data
327 2296 364 2329 A
395 2294 508 2328 militi
538 2295 721 2339 quiestate
758 2293 827 2328 VP
850 2293 958 2328 miles
983 2292 1129 2336 quieuit
1153 2292 1197 2336 bg]
1250 2294 1292 2325 31
1317 2290 1430 2334 longe

75 2351 97 2374 a
121 2351 228 2375 muro
253 2344 432 2384 transpos.
463 2339 497 2373 G

151 2404 329 2430 Amnum-vs
350 2404 595 2430 MARCEmevs.
1174 2399 1190 2428 1
1198 2398 1217 2429 5
