1573 2508
1016 23 1022 27 1
1397 3 1410 29 [¹
1425 0 1501 32 ἢκ

154 51 208 93 96
699 55 786 92 XVI
811 60 862 101 11,
889 61 1000 94 7-14
1516 0 1554 113 ἵ

151 144 287 187 bunus
327 149 371 187 et
409 146 741 192 Valentinianus
779 154 930 205 postea
966 153 1202 207 imperator
1239 169 1334 197 cum
1377 170 1500 212 eque·
1546 159 1549 207 j

150 204 311 245 stribus
332 206 487 246 turmis
508 222 613 260 quas
634 209 844 262 regebant
864 211 915 252 ad
936 213 1228 266 exequendum
1248 214 1291 255 id
1310 214 1510 267 ordinati!
1538 250 1550 271 3

149 276 173 302 a
206 263 327 303 Cella
364 264 538 305 tribuno
572 264 879 322 Scutariorum,
919 270 992 324 qui
1024 270 1277 313 Barbationi
1309 273 1497 316 sociatus
1544 275 1549 326 j

148 324 324 361 uenerat
345 321 396 362 ad
418 323 696 377 procinctum,
729 325 811 367 iter
831 327 1060 370 obseruare
1093 333 1191 371 sunt
1219 331 1358 385 uetiti,
1387 333 1497 374 unde
1546 330 1551 362 7

147 379 359 420 redituros
379 379 563 422 didicere
584 382 832 426 Germanos.
873 386 910 427 7.
943 401 1025 442 quo
1045 402 1130 429 non
1150 393 1376 432 contentus
1411 405 1497 434 ma·
1517 390 1549 430 ⁶5

146 436 283 489 gister
316 438 507 491 peditum
541 441 722 494 ignauus
756 446 797 484 et
840 445 1075 498 gloriarum
1108 446 1265 489 Iuliani
1296 449 1497 502 peruicax

147 495 415 537 obtrectator
459 499 597 540 sciens
643 516 686 541 se
726 502 768 542 id
806 507 954 545 contra
994 504 1226 546 utilitatem
1258 505 1496 550 Romanam

146 553 320 595 iussisse
355 579 409 584 —
442 556 521 597 hoc
555 559 668 599 enim
702 574 796 601 cum
830 566 1092 616 argueretur,
1126 563 1247 606 Cella
1278 566 1496 608 confessus

145 614 211 652 est
231 635 284 641 ·—
307 613 517 655 relatione
549 615 705 659 fefellit
727 618 1028 662 Constantium
1060 622 1268 677 finxitque
1300 623 1378 665 hos
1406 639 1495 666 eos-

144 670 240 711 dem
288 672 485 713 tribunos
527 675 579 715 ad
621 676 918 719 sollicitandos
967 680 1127 721 milites
1170 696 1275 736 quos
1317 682 1496 726 duxerat
1517 697 1549 723 ιο

144 742 221 781 per
263 730 446 782 speciem
480 733 647 774 uenisse
680 736 843 789 negotii
876 738 1056 791 publici:
1099 754 1181 793 qua
1212 755 1341 782 causa
1372 742 1495 783 abro-

144 790 247 839 gata
279 791 495 841 potestate
528 792 580 833 ad
612 793 723 835 lares
756 795 919 836 rediere
951 797 1123 850 priuati.

262 848 300 886 8.
334 846 474 889 Isdem
495 849 643 891 diebus
666 854 927 895 exercituum
949 855 1135 897 aduentu
1154 858 1374 910 perterriti
1400 859 1493 900 bar-

144 903 249 956 bari,
283 905 353 958 qui
383 906 601 949 domicilia
632 911 760 952 fixere
794 913 852 952 cis
872 912 1082 966 Rhenum,
1116 916 1274 968 partim
1295 916 1491 959 difficiles

142 961 234 1003 uias
277 967 320 1004 et
363 969 511 1018 suapte
553 971 705 1010 natura
748 970 931 1012 cliuosas
978 974 1257 1015 concaedibus
1301 975 1492 1018 elausere
1513 988 1545 1015 15

143 1020 359 1074 sollerter,
397 1025 621 1067 arboribus
654 1028 837 1070 inmensi
870 1031 1038 1071 roboris
1073 1033 1226 1073 caesis:
1265 1034 1339 1074 alii
1373 1048 1492 1076 occu-

142 1078 253 1130 patis
286 1079 438 1122 insulis
477 1085 637 1137 sparsis
677 1087 825 1128 crebro
864 1102 940 1142 per
979 1089 1134 1131 flumen
1166 1090 1362 1133 Rhenum
1401 1093 1490 1134 ulu-

141 1136 280 1178 lantes
326 1138 508 1193 lugubre
553 1144 757 1185 conuiciis
803 1151 846 1187 et
883 1146 1100 1189 Romanos
1139 1149 1411 1193 incessebant
1448 1156 1491 1193 et

140 1194 386 1237 Caesarem:
420 1200 490 1253 qui
525 1203 723 1255 grauiore
756 1208 876 1246 motu
909 1206 1040 1248 animi
1073 1208 1260 1261 percitus
1291 1208 1341 1250 ad
1362 1211 1491 1252 corri-

138 1254 315 1306 piendos
357 1256 535 1311 aliquos,
576 1264 740 1314 septem
779 1278 803 1303 a
835 1262 1096 1307 Barbatione
1135 1267 1319 1320 petierat
1358 1283 1488 1311 naues
1509 1281 1543 1308 ευ

139 1326 188 1352 ex
221 1312 300 1363 his,
334 1329 439 1368 quas
474 1318 591 1359 uelut
623 1321 883 1362 transiturus
916 1338 1083 1364 amnem
1117 1325 1168 1365 ad
1202 1327 1489 1380 conpaginan-

139 1370 214 1411 dos
235 1378 464 1425 parauerat
483 1380 654 1429 pontes:
682 1380 765 1432 qui,
785 1381 941 1434 nequid
962 1397 1036 1435 per
1057 1398 1153 1424 eum
1173 1384 1488 1439 impetraretur,

138 1443 285 1470 omnes
318 1431 518 1475 incendit.
556 1435 595 1476 9.
629 1437 777 1479 doctus
811 1439 991 1494 denique
1023 1442 1343 1495 exploratorum
1377 1444 1488 1486 dela.-

137 1487 254 1529 tione
275 1503 421 1531 recens
443 1496 664 1546 captorum
685 1499 848 1538 aestate
881 1498 966 1539 iam
986 1500 1150 1541 torrida
1181 1501 1359 1542 fluuium
1381 1503 1486 1544 uado

136 1559 261 1598 posse
293 1550 484 1604 transiri,
517 1552 714 1595 hortatus
753 1556 984 1598 auxiliares
1016 1559 1169 1600 uelites
1207 1574 1302 1601 eum
1334 1560 1487 1602 Baino·
1507 1573 1541 1599 25

139 1604 273 1645 baude
307 1604 592 1651 Cornutorum
635 1613 807 1654 tribuno
841 1615 970 1669 misit,
1010 1617 1174 1659 facinus
1208 1619 1486 1662 memorabile

134 1663 173 1703 si
215 1663 396 1706 iuuisset
440 1668 528 1708 fors
570 1674 827 1723 patraturos,
873 1674 944 1728 qui
981 1689 1091 1716 nunc.
1136 1677 1367 1719 incedendo
1410 1693 1487 1732 per

136 1719 285 1762 breuia
330 1724 588 1779 aliquotiens
634 1730 765 1771 scutis
811 1731 853 1772 in
898 1733 1070 1775 modum
1121 1735 1340 1778 alueorum
1390 1738 1485 1778 sub-

134 1779 290 1832 positis
322 1784 461 1825 nando
495 1787 545 1826 ad
578 1787 761 1829 insulam
795 1804 947 1831 uenere
990 1793 1274 1847 propinquam
1307 1796 1484 1849 egressi-

135 1852 214 1890 que
246 1841 488 1892 promiscue
520 1845 645 1886 uirile
672 1850 715 1887 et
735 1848 942 1890 muliebre
964 1865 1083 1893 secus
1107 1853 1198 1893 sine
1219 1854 1374 1895 aetatis
1393 1853 1483 1895 ullo
1504 1867 1538 1892 ⁸⁰

134 1895 379 1939 discrimine
417 1903 691 1946 trucidabant
729 1910 776 1947 ut
819 1908 1017 1960 pecudes,
1062 1911 1290 1965 nanctique
1327 1927 1482 1954 uacuas

135 1954 285 1996 lintres
318 1971 393 2010 per
419 1975 489 2001 eas
511 1961 611 2003 licet
632 1964 885 2007 uacillantes
918 1968 1054 2009 euecti
1087 1969 1212 2010 huius
1240 1970 1356 2012 modi
1388 1970 1482 2013 loca

132 2012 319 2064 plurima
365 2025 647 2073 perruperunt
686 2025 739 2075 et,
782 2024 857 2065 ubi
895 2026 1093 2068 caedendi
1139 2028 1318 2070 satietas
1356 2029 1481 2084 cepit,

224 2191 241 2222 7
269 2191 456 2225 romaniae
488 2191 553 2226 J'P
648 2198 686 2228 12
711 2195 832 2231 redire
864 2197 896 2231 V
971 2202 1009 2232 14
1035 2203 1066 2233 ct
1094 2203 1133 2234 1'1
1158 2200 1313 2235 rhenum
1338 2202 1375 2237 P
1397 2201 1479 2236 hre-

129 2242 218 2265 num
243 2232 276 2266 V
323 2238 363 2269 16
388 2236 612 2271 concedibus
631 2238 735 2274 VAP
752 2241 818 2275 Iac.
839 2246 878 2277 10
896 2242 965 2276 litt.
982 2242 1039 2277 Rr
1055 2244 1093 2278 et
1117 2244 1420 2281 incommeabiles
1436 2247 1480 2291 by

132 2280 174 2312 18
200 2278 239 2311 ct
261 2282 346 2313 ante
371 2278 555 2316 Romanos
575 2292 652 2325 1²0⁸·
680 2284 711 2318 G
737 2289 822 2320 unte
845 2286 1002 2331 lugubre
1032 2287 1120 2323 VPb
1141 2293 1228 2324 aute
1251 2291 1426 2327 conuiciis
1443 2296 1478 2328 A

130 2325 171 2356 27
199 2321 228 2355 si
255 2322 288 2355 (γ’
313 2333 378 2357 om.
411 2324 520 2359 I'le
615 2332 658 2362 30
682 2328 760 2363 sine
785 2330 853 2374 baa
877 2331 912 2366 in
944 2331 1011 2366 VP
1101 2333 1171 2369 *33
1196 2334 1307 2370 satias
1336 2335 1370 2370 V
