1573 2508
125 72 207 113 114
634 68 737 104 XVII
763 74 793 110 1,
820 72 921 112 9-9,
945 73 966 103 3

124 164 280 207 decimi
322 163 478 218 lapidis
522 177 617 204 eum
661 176 794 217 prope
838 163 993 205 siluam
1037 162 1229 205 uenisset
1271 163 1472 218 squalore

123 223 399 265 tenebrarum
436 221 711 275 horrendam,
751 222 876 263 stetit
912 221 985 264 diu
1021 220 1277 275 cunctando,
1313 221 1472 264 indicio

126 281 329 335 perfugae
378 280 528 322 doctus
584 294 660 334 per
715 280 996 322 subterranea
1045 279 1253 334 quaedam
1303 280 1473 322 occulta

125 342 347 394 fossasque
378 338 614 380 multifidas
646 338 781 380 latere
807 338 1028 393 plurimOS,
1059 338 1133 380 ubi
1164 338 1311 380 habile
1331 339 1471 381 uisum

125 399 255 440 fuerit
287 401 524 452 erupturos.
563 398 602 438 9.
635 398 727 439 ausi
759 401 904 439 tamen
936 411 1083 439 omnes
1115 397 1313 439 accedere
1343 397 1471 439 fiden-

125 457 312 508 tissime,
343 456 515 498 ilicibus
548 457 694 498 incisis
727 461 770 497 et
801 457 980 498 fraxinis
1012 455 1248 510 roboreque
1281 456 1472 498 abietum

127 529 284 570 magno
317 515 494 557 semitas
515 516 716 556 inuenere
737 518 990 557 constratas.
1029 514 1206 568 ideoque
1227 514 1472 569 gradientes

125 574 292 616 cautius
324 577 438 615 retro
470 589 555 615 non
586 574 671 614 nisi
702 589 777 627 per
810 574 1027 615 anfractus
1060 573 1214 627 longos
1235 576 1279 615 et
1297 587 1472 627 asperos

127 633 242 675 ultra
289 633 491 687 progredi
536 647 661 686 posse
706 633 775 673 uix
822 632 1178 686 indignationem·
1205 631 1472 686 capientibus

124 692 279 733 animis
300 691 594 733 aduertebant.
618 691 682 732 10.
705 694 749 732 et
769 691 970 744 quoniam
991 691 1099 732 aeris
1121 695 1268 731 urente
1289 691 1472 732 saeuitia

125 765 221 792 eum
270 749 589 791 discriminibus
639 750 804 790 ultimis
850 749 1072 791 laboratur
1116 749 1160 790 in
1204 764 1370 790 cassum
1415 773 1468 778 -—

125 808 396 863 aequinoctio
435 809 590 862 quippe
630 808 870 849 autumnali
909 812 1057 849 exacto
1095 822 1172 861 per
1203 822 1275 849 eos
1307 811 1472 849 tractus

126 867 374 921 superfusae
409 868 531 908 niues
570 867 797 920 oppleuere
836 870 1004 908 montes
1044 866 1173 908 simul
1218 870 1261 907 et
1299 880 1471 920 campos

128 949 175 955 —
201 941 307 979 opus
340 929 559 979 arreptum
592 930 657 966 est
689 925 981 967 memorabile.
1025 926 1088 966 11.
1122 930 1165 966 et
1195 925 1296 966 dum
1328 924 1471 966 nullus

125 984 373 1037 obsisteret,
414 984 745 1033 munimentum,
785 984 897 1038 quod
929 984 973 1025 in
1005 984 1345 1025 Alamannorum
1379 983 1470 1025 solo

125 1043 343 1084 conditum
363 1041 573 1084 Traianus
606 1058 681 1084 suo
708 1043 880 1084 nomine
900 1042 1040 1084 uoluit
1060 1042 1283 1096 appellari,
1314 1041 1471 1084 dudum

128 1101 356 1143 uiolentius
389 1105 704 1155 oppugnatum,
737 1101 1018 1143 tumultuario
1052 1100 1192 1142 studio
1224 1105 1470 1155 reparatum

125 1163 208 1214 est;
247 1159 483 1214 locatisque
516 1160 577 1200 ibi
609 1175 687 1213 pro
719 1164 911 1214 tempore
944 1159 1258 1211 defensoribus,
1295 1174 1345 1200 ex
1379 1159 1472 1200 bar-

123 1219 325 1260 barorum
346 1218 583 1260 uisceribus
604 1219 812 1260 alimenta
832 1221 1039 1273 congesta
1058 1221 1168 1259 stult.
1193 1219 1256 1259 12.
1277 1232 1384 1272 quae
1405 1217 1471 1259 illi

123 1280 342 1319 maturata
381 1277 432 1318 ad
472 1292 592 1318 suam
624 1278 857 1331 perniciem
896 1277 1237 1331 contemplantes
1270 1279 1471 1331 metuque

122 1337 184 1377 rei
216 1339 414 1390 peractae
449 1336 681 1377 uolueriter
713 1337 963 1390 congregati
995 1336 1193 1389 precibus
1226 1339 1269 1377 et
1300 1335 1470 1377 humili—

123 1398 213 1436 tate
246 1409 446 1448 suprema
478 1395 638 1447 petiere
672 1395 815 1436 missis
855 1394 1097 1436 oratoribus
1137 1409 1301 1448 pat-ein:
1341 1409 1468 1448 quam

123 1451 279 1495 Caesar
318 1454 435 1494 omni
473 1454 749 1495 consiliorum
789 1454 861 1494 uia
904 1453 1091 1506 firmata,
1137 1457 1335 1495 causatus
1380 1453 1469 1494 ueri

122 1511 284 1553 similia
325 1511 530 1565 plurima,
575 1527 649 1565 per
687 1512 831 1553 decem
876 1526 1100 1553 mensuum
1145 1512 1299 1553 tribuit
1342 1512 1469 1553 inter-

123 1570 305 1612 uallum:
356 1570 397 1611 id
447 1571 651 1612 nimirum
698 1571 864 1612 sollerti
916 1570 1124 1625 colligens
1170 1574 1312 1612 mente
1358 1570 1469 1625 quod

122 1632 275 1681 castra,
307 1644 435 1683 supra
468 1644 594 1684 quam
628 1630 769 1683 optari
803 1630 944 1682 potuit
977 1634 1184 1683 occupata
1215 1630 1306 1670 sine
1328 1629 1469 1670 obsta-

122 1687 231 1740 culo,
262 1689 493 1729 tormentis
514 1688 752 1729 muralibus
786 1692 828 1728 et
861 1691 1070 1742 apparatu
1102 1688 1307 1730 deberent
1328 1687 1469 1729 ualido

121 1745 372 1787 conmuniri.
411 1748 471 1788 13.
502 1746 580 1787 hae
601 1747 754 1788 fiducia
774 1751 861 1788 tres
895 1747 1182 1788 inmanissimi
1203 1760 1326 1800 reges
1350 1761 1469 1787 uene-

120 1808 221 1845 runt
253 1805 425 1846 tandem
459 1805 688 1859 aliquando
721 1806 806 1846 iam
839 1805 1007 1859 trepidi,
1040 1821 1089 1847 ex
1122 1805 1189 1847 his
1221 1806 1293 1860 qui
1315 1806 1468 1846 misere

123 1863 248 1904 uictis
282 1864 393 1917 apud
427 1864 768 1918 Argentoratum
802 1864 981 1915 auxilia,
1021 1865 1212 1906 iurantes
1251 1864 1468 1917 conceptis

117 1922 205 1963 ritu
236 1923 378 1976 patrio
412 1923 554 1964 uerbis
587 1922 695 1963 nihil
729 1923 967 1977 inquietum
1002 1927 1172 1964 acturos
1194 1923 1265 1964 sed
1297 1923 1471 1964 foedera

121 1980 171 2020 ad
205 1981 511 2033 praestitutum
545 1997 678 2035 usque
705 1982 830 2034 diem,
863 1982 963 2035 quia
994 1981 1036 2023 id
1055 1982 1214 2023 nost-ris
1237 1982 1469 2036 placuerat,

120 2053 213 2080 cum
247 2040 513 2082 munimento
542 2045 786 2082 seruaturos
820 2041 983 2082 intacto
1017 2040 1246 2095 frugesque
1279 2043 1468 2093 portatu-

211 2230 230 2254 ι·
256 2224 442 2258 :mim-tun»
482 2225 542 2258 1⁷1¹
569 2225 713 2259 aii-ieet«
747 2225 788 2257 bn
816 2225 962 2259 obiecto
988 2237 1010 2269 ᾳ
1107 2231 1138 2258 11
1169 2224 1408 2259 laboruulutur
1432 2224 1467 2257 A

118 2272 161 2302 22
187 2269 308 2303 missis
325 2270 427 2313 l'ltya
456 2269 574 2302 ruitis
599 2269 628 2301 V
674 2274 714 2303 *22
741 2269 981 2304 interuallum
1010 2270 1091 2314 [Iac.
1123 2275 1161 2305 18
1186 2270 1255 2304 lm.
1269 2272 1273 2306 Ι
1302 2268 1364 2303 l'l’
1387 2277 1467 2302 :me

118 2314 184 2349 lac.
212 2314 280 2371 bqa
364 2318 407 2348 26
433 2318 509 2358 opt
511 2325 553 2347 tri
582 2314 614 2349 G
641 2314 761 2358 apt-iri
795 2314 903 2350 VPba
988 2319 1026 2348 31
1057 2315 1182 2349 uerbis
1207 2313 1297 2348 nihil
1324 2313 1466 2357 inquie-

115 2360 194 2392 tum
223 2360 255 2390 (ι’
282 2369 370 2391 uero
399 2359 481 2395 {latu
513 2362 550 2393 12
576 2358 662 2401 litt]
690 2358 932 2403 linquietum
965 2359 994 2393 V

1490 411 1508 438 5
1538 411 1561 461 ’ζ

1492 706 1525 730 10
1559 731 1561 734 ,

1493 998 1526 1024 15

1491 1292 1525 1317 20

1489 1585 1523 1610 25

1488 1879 1522 1905 30

1538 1899 1559 2019 ἓ

1532 2332 1558 2508 1
