1614 2549
353 72 691 109 CONSTANTIVS
716 74 778 109 ΕΤ
802 74 1032 111 IVLIANVS
1057 81 1122 112 359
1330 81 1406 122 171

61 183 188 225 aegre
209 169 427 211 defensum
460 168 645 223 caligine
677 170 954 212 tenebrarum
975 172 1216 214 extrahitur
1244 188 1408 228 corpus,

60 232 109 271 ut
140 228 253 283 apud
285 227 460 269 Troiam
493 228 709 281 quondam
742 243 869 283 super
892 231 1047 272 comite
1069 230 1269 274 Thessali
1290 233 1408 274 ducis

61 287 249 330 exanimi
286 286 398 327 acies
435 285 578 327 Marte
615 287 822 329 acerrimo
863 289 1156 332 conflixerunt.
1221 292 1286 333 10.
1325 306 1408 346 quo

59 347 207 388 funere
238 345 361 399 regia
391 347 559 387 maesta
591 348 635 386 et
661 347 944 400 optimatibus
977 349 1189 391 uniuersis
1212 364 1305 391 cum
1337 366 1410 405 pa-

23 417 40 442 5
59 408 180 446 rente
213 405 356 445 subita
378 404 497 446 clade
530 405 738 458 perculsis
760 405 922 446 indicto
949 407 1116 448 iustitio
1144 408 1310 450 iuuenis
1336 424 1410 451 110-

58 464 231 505 bilitate
270 463 622 505 commendabilis
662 465 705 504 et
743 463 923 505 dilectus
961 465 1048 506 ritu
1085 467 1274 508 nationis
1314 483 1409 522 pro-

58 523 179 577 priae
217 523 459 577 lugebatur.
520 522 667 576 itaque
705 525 753 563 ut
785 524 945 565 armari
985 524 1156 566 solebat
1188 526 1325 568 elatus
1365 528 1409 568 in

59 582 203 636 amplo
226 581 410 636 quodam
443 583 652 635 suggestu
684 581 852 622 locatur
872 585 914 623 et
934 583 1062 636 celso,
1089 585 1285 639 circaque
1313 600 1408 627 eum

58 640 207 682 lectuli
238 641 383 681 decem
415 641 665 680 sternuntur
703 640 911 694 figmenta
943 641 1146 683 uehentes
1185 643 1409 685 hominum

6 713 39 737 10
57 702 344 752 mortuorum,
385 698 448 739 ita
487 701 633 739 curate
664 699 886 753 pollincta‚
923 703 971 741 ut
1014 701 1226 755 imagines
1266 705 1409 744 essent

58 758 307 812 corporibus
340 757 503 798 similes
536 758 624 798 iam
645 759 838 812 sepultiS‚
867 773 916 800 ac
935 773 1011 813 per
1033 760 1198 802 dierum
1219 762 1408 816 spatium

59 819 236 871 septem,
267 816 352 857 uiri
384 816 555 870 quidem
587 831 734 858 omnes
774 831 851 871 per
890 819 1169 860 contubernia
1201 822 1243 862 et
1274 821 1408 862 mani-

56 876 182 930 pulos
216 875 352 929 epulis
385 875 670 929 indulgebant
703 876 901 917 saltando
935 880 978 917 et
1009 878 1223 919 cantando
1261 879 1406 920 tristia

57 935 267 990 quaedam
299 947 455 987 genera
474 934 727 975 naeniarum
747 935 914 988 regium
946 935 1144 977 iuuenem
1171 937 1408 980 lamentan-

5 1007 38 1032 15
56 996 135 1035 tes.
199 994 264 1034 11.
285 993 469 1033 feminae
489 1007 590 1034 uero
624 994 863 1035 miserabili
894 994 1070 1047 planctu
1102 996 1148 1036 in
1184 996 1406 1049 primaeuo

56 1053 161 1093 flore
194 1052 403 1093 succisam
442 1066 562 1105 spem
600 1053 742 1106 gentis
782 1053 925 1093 solitis
963 1053 1137 1095 fletibus
1170 1055 1408 1097 conclama-

56 1111 174 1165 bant,
205 1114 253 1152 ut
285 1110 512 1152 lacrimare
546 1111 746 1152 cultrices
779 1111 961 1152 Veneris
996 1127 1122 1167 saepe
1157 1117 1407 1167 spectantur

54 1170 101 1211 in
133 1170 416 1212 sollemnibus
448 1168 657 1211 Adonidis
691 1170 838 1223 sacris7
871 1170 984 1224 quod
1021 1172 1299 1214 simulacrum
1332 1173 1407 1214 ali-

57 1229 170 1284 quod
190 1243 284 1270 esse
304 1229 478 1283 frugum
499 1229 743 1270 adultarum
763 1229 996 1283 religiones
1018 1231 1227 1285 mysticae
1242 1232 1406 1274 docent.

3 1301 38 1326 20
176 1287 217 1329 2.
254 1288 289 1328 1.
321 1287 428 1328 Post
459 1287 679 1328 incensum
700 1302 852 1341 corpus
874 1302 1056 1342 ossaque
1089 1290 1135 1330 in
1155 1294 1406 1344 argenteam

56 1361 208 1389 urnam
241 1346 446 1399 conlecta,
479 1361 586 1400 quae
607 1347 660 1387 ad
693 1349 866 1400 gentem
898 1347 1028 1388 humo
1050 1349 1292 1391 mandanda
1311 1364 1406 1404 por-

56 1406 142 1448 tari
174 1408 387 1447 statuerat
418 1408 560 1458 pater,
599 1406 768 1459 agitata
801 1421 967 1447 summa
1000 1407 1280 1449 consiliorum
1315 1409 1406 1462 pla-

56 1467 202 1507 cuerat
233 1464 361 1505 busto
382 1464 501 1504 urbis
535 1464 767 1506 subuersae
789 1465 960 1518 expiare
993 1467 1205 1520 perempti
1237 1468 1404 1509 iuuenis

55 1539 220 1577 manes3
252 1538 330 1564 nec
362 1523 476 1564 enim
496 1522 755 1565 Grumbates
788 1524 926 1565 inulta
948 1525 1060 1565 unici
1091 1525 1286 1579 pignoris
1317 1541 1405 1567 um-

1 1593 36 1619 25
55 1583 135 1624 bra
165 1583 228 1623 ire
259 1582 375 1623 ultra
406 1582 665 1635 patiebatur.
728 1583 765 1623 2.
788 1582 1012 1637 'biduoque
1045 1584 1098 1625 ad
1137 1584 1273 1626 otium
1305 1585 1405 1626 dato

56 1656 105 1683 ac
136 1642 280 1682 missis
315 1641 481 1682 abunde
514 1641 587 1695 qui
618 1641 736 1694 pacis
768 1641 894 1682 modo
921 1644 1120 1695 patentes
1154 1657 1284 1697 agros
1314 1645 1406 1698 pin-

56 1714 160 1755 gues
193 1700 416 1754 cultosque
448 1702 686 1753 uastarent,
725 1701 981 1754 quinquiens
1015 1702 1163 1743 ordine
1196 1702 1405 1757 multipli-

56 1762 151 1801 cato
202 1761 421 1800 scutorum
466 1759 652 1813 cingitur
697 1759 849 1800 ciuitas
895 1774 943 1800 ac
986 1761 1142 1802 tertiae
1191 1761 1404 1815 principio

55 1819 162 1861 lueis
197 1818 361 1859 corusci
393 1817 513 1871 globi
543 1820 784 1859 turmarum
813 1818 1103 1871 impleuerunt
1123 1822 1275 1861 cuncta
1296 1835 1404 1875 quae

2 1888 38 1913 30
55 1879 306 1931 prospectus
338 1876 551 1917 humanus
583 1877 726 1930 potuit
757 1877 942 1931 undique
975 1879 1181 1931 contueri,
1214 1881 1256 1919 et
1289 1882 1404 1919 sorte

57 1936 152 1977 loca
190 1936 329 1977 diuisa
368 1935 569 1976 clementi
608 1935 745 1989 gradu
782 1935 1025 1977 incedentes
1070 1937 1239 1978 ordines
1286 1951 1403 1978 00011-

54 1997 223 2049 parunt.
285 1995 324 2036 3.
361 1993 520 2035 Persae
560 2008 707 2035 omnes
746 2008 967 2035 murorum
1012 1996 1199 2037 ambitus
1239 1996 1404 2037 obside-

146 2148 166 2178 3
192 2143 381 2178 exanimes
406 2144 485 2178 acie
507 2143 597 2178 VPb
652 2148 670 2178 7
689 2144 823 2178 armari
843 2144 912 2178 GA
931 2145 1049 2179 amari
1071 2146 1159 2181 VPb
1211 2146 1282 2180 *10
1305 2156 1402 2180 ema-

57 2188 163 2233 gines
191 2188 260 2222 VP
352 2192 394 2223 13
418 2189 571 2223 tristitia
602 2189 667 2223 VP
761 2193 802 2224 19
827 2190 977 2234 frugum
1011 2190 1044 2224 G
1072 2191 1261 2236 phrygum
1292 2190 1403 2226 VPba

55 2237 97 2268 21
124 2233 295 2268 conlecta
320 2233 362 2270 C.
394 2233 440 2268 F.
471 2233 527 2268 W.
551 2233 690 2268 Maller
714 2233 884 2269 coniecta
914 2234 1079 2285 Valesius
1103 2237 1276 2270 contecta
1300 2237 1403 2271 codd.

57 2314 101 2344 24
125 2311 351 2347 Grumbates
379 2312 413 2346 G
438 2311 652 2347 Grumbatis
683 2313 719 2347 P
769 2282 988 2348 rumbamV
1058 2314 1180 2349 inulta
1198 2315 1269 2350 ΘΑ
1285 2314 1405 2350 inuita

62 2355 151 2391 VPb
253 2360 296 2391 32
321 2358 398 2392 offis
421 2367 611 2392 murorum
639 2356 715 2392 onis
