1614 2549
417 91 758 128 CONSTANTIVS
784 91 847 126 ΕΤ
873 89 1106 126 IVLIANVS
1133 95 1199 126 357
1386 91 1473 133 105

119 204 196 232 sua
219 189 385 230 firmius
416 188 557 242 pedeS‚
589 187 777 229 frontem
797 188 1027 229 artissimis
1049 200 1275 229 conserens
1294 188 1471 242 parmis,

118 248 397 302 erigebantur
436 246 570 287 crassi
606 246 798 300 pulueris
836 246 972 287 nubes
1004 245 1199 300 uariique
1237 245 1355 286 fuere
1387 246 1471 287 dis-

119 320 266 349 cursus
298 319 410 346 nunc
441 304 745 346 resistentibus
777 319 889 346 nunc
922 304 1170 345 cedentibus
1206 304 1386 356 nostris,
1426 307 1470 346 et

118 364 266 407 obnixi
303 363 483 418 genibus
517 363 691 417 quidam
728 363 904 404 barbari
941 363 1196 416 peritissimi
1232 362 1469 404 bellatores

82 435 99 459 ⁵
118 423 290 464 hostem
321 422 563 476 propellere
595 421 872 474 laborabant,
911 421 984 462 sed
1017 421 1304 462 destinatione
1335 421 1470 462 nimia

118 482 319 523 dexterae
358 480 544 522 dexteris
576 479 868 522 miscebantur
907 483 949 521 et
979 480 1110 521 umbo
1149 480 1351 521 trudebat
1381 495 1474 521 um-

117 541 275 582 bonem
306 539 555 593 caelumque
578 539 865 580 exultantium
886 538 1212 592 cadentiumque
1237 538 1471 580 resonabat

119 614 143 640 a
174 598 351 640 uocibus
383 597 565 651 magnis,
597 600 641 639 et
672 611 767 639 cum
800 611 931 638 cornu
963 597 1187 639 sinistrum
1213 596 1344 638 altius
1377 610 1474 651 gra-

119 657 239 698 diens
283 656 532 710 urgentium
574 658 642 697 tot
687 656 862 710 agmina
899 655 1212 697 Germanorum
1250 655 1295 696 ui
1336 656 1472 697 nimia

67 728 100 751 10
119 715 371 770 pepulisset,
402 715 569 768 iretque
601 715 647 756 in
676 715 888 756 barbaros
915 715 1115 768 fremens,
1147 715 1312 769 equites
1332 714 1473 755 nostri

120 788 252 815 cornu
289 776 486 815 tenentes
525 773 741 826 dextrum,
778 777 951 828 praeter
983 788 1102 828 spem
1139 773 1356 814 incondite
1390 773 1472 814 dis-

120 835 356 886 cesserunt,
395 832 579 886 dumque
617 832 747 886 primi
784 832 1045 886 fugientium
1082 835 1324 885 postremos
1356 832 1473 885 inpe-

120 892 260 943 diunt,
310 891 474 945 gremio
519 891 739 945 legionum
782 891 969 945 protecti
1016 891 1205 932 fixerunt
1253 890 1473 944 integrato

119 950 284 1004 proelio
305 949 498 1003 gradum.
531 950 598 991 38.
630 949 710 991 hoc
743 953 886 991 autem
918 949 1069 990 exinde
1101 949 1327 1003 acciderat,
1359 948 1473 1002 quod

66 1019 101 1044 15
121 1009 220 1050 dum
240 1008 437 1050 ordinum
457 1009 701 1049 restituitur
734 1009 878 1062 series,
898 1008 1166 1062 cataphracti
1192 1008 1358 1061 equites
1378 1007 1474 1048 uiso

119 1070 286 1108 rectore
320 1081 395 1108 suo
428 1067 585 1108 leuiter
615 1065 841 1109 uu'lnerato
875 1070 918 1108 et
949 1069 1147 1108 consorte
1180 1066 1365 1120 quodam
1396 1080 1474 1119 per

121 1125 333 1167 ceruicem
376 1126 475 1179 equi
524 1125 711 1166 labentis
756 1126 943 1180 pondere
994 1140 1213 1167 armorum
1265 1138 1473 1178 oppresso

122 1184 278 1238 dilapsi
310 1199 393 1238 qua
426 1184 604 1238 quisque
636 1187 809 1237 poterat
826 1184 1077 1238 peditesque
1098 1183 1299 1225 calcando
1320 1185 1475 1224 cuncta

121 1243 381 1296 turbassent,
411 1243 457 1283 ni
489 1242 670 1284 conferti
702 1243 769 1284 illi
801 1243 968 1297 sibique
999 1243 1192 1284 uicissim
1224 1242 1360 1283 innixi
1393 1244 1475 1283 ste-

69 1312 102 1337 20
123 1301 279 1343 tissent
316 1301 572 1342 immobiles.
633 1301 768 1355 igitur
806 1316 901 1342 cuni
946 1301 1111 1355 equites
1147 1301 1259 1342 nihil
1302 1302 1474 1354 praeter

121 1360 249 1414 fugae
265 1360 669 1413 circumspectantes
688 1360 905 1414 praesidia
918 1360 1100 1401 uidisset
1118 1360 1289 1414 longius
1305 1357 1476 1413 Caesar,

122 1419 290 1460 concito
325 1432 432 1472 equo
468 1432 540 1459 eos
579 1418 700 1460 uelut
730 1419 986 1473 repagulum
1024 1419 1235 1472 quoddam
1268 1417 1475 1459 cohibuit.

123 1477 191 1519 39.
212 1491 295 1530 quo
316 1477 466 1531 agnito
491 1491 569 1531 per
587 1491 848 1532 purpureum
869 1477 1040 1532 signum
1060 1477 1270 1530 draconis,
1302 1476 1476 1518 summi-

121 1536 205 1577 tati
235 1535 386 1576 hastae
419 1535 631 1590 longioris
665 1538 861 1590 aptatum
891 1536 1012 1577 uelut
1033 1537 1266 1577 senectutis
1292 1535 1477 1590 penden-

68 1606 103 1631 25
123 1594 180 1635 tis
220 1594 414 1647 exuuias,
459 1594 584 1636 stetit
621 1594 747 1636 unius
784 1598 952 1636 turmae
989 1594 1189 1636 tribunus
1228 1597 1270 1635 et
1307 1594 1476 1648 pallore

122 1653 362 1706 timoreque
405 1653 628 1706 perculsus
668 1653 720 1693 ad
765 1653 899 1694 aciem
941 1653 1243 1707 integrandam
1280 1652 1476 1694 recurrit.

122 1711 192 1753 40.
211 1714 342 1766 utque
363 1711 408 1752 in
426 1712 555 1752 rebus
576 1714 692 1753 amat
723 1711 818 1752 fieri
850 1712 1004 1765 dubiis,
1037 1712 1209 1752 eosdem
1243 1711 1382 1753 lenius
1414 1711 1477 1752 in-

124 1784 301 1823 crepans
334 1767 492 1811 Caesar
523 1769 642 1824 ‘quo’
674 1769 817 1824 inquit
848 1770 1067 1823 ‘cedimus‚
1098 1770 1183 1811 uiri
1215 1769 1476 1812 fortissimi?

124 1843 179 1869 an
210 1828 423 1882 ignoratis
454 1828 616 1883 fugam,
648 1843 756 1883 quae
790 1829 975 1870 salutem
1005 1843 1241 1883 numquam
1272 1827 1477 1882 repperit,

69 1899 104 1924 30
124 1887 246 1928 inriti
271 1890 451 1928 conatus
472 1887 706 1930 stultitiam
725 1888 943 1929 indicare?
975 1888 1198 1928 redeamus
1220 1887 1272 1928 ad
1290 1888 1477 1940 nostros,

124 1945 272 1987 saltim
303 1945 467 1999 gloriae
498 1946 634 1987 futuri
663 1946 909 2000 participeS‚
942 1946 979 1987 si
1011 1960 1084 1987 eos
1115 1960 1194 1999 pro
1226 1960 1271 1986 re
1302 1944 1479 1999 publica

124 2004 378 2046 dimicantes
409 2004 663 2059 reliquimus
695 2005 966 2046 inconsulte’.
998 2005 1066 2045 41.
1091 2004 1198 2045 haee
1228 2006 1478 2045 reuerenter

124 2063 300 2104 dicendo
345 2063 515 2104 reduxit
559 2077 706 2104 omnes
746 2063 800 2104 ad
842 2063 989 2104 munia
1026 2062 1248 2104 subeunda
1284 2061 1479 2104 bella-ndi

219 2240 261 2270 14
285 2237 453 2271 accidere
479 2238 520 2270 at
549 2236 617 2270 VP
665 2239 705 2270 17
731 2246 752 2270 o
781 2246 908 2280 presso
927 2236 961 2271 G
985 2236 1153 2280 oppressi
1182 2235 1297 2270 VPba
1343 2239 1386 2270 23
1410 2245 1480 2284 per

124 2281 1259 2370 ΞῖῳῗέἔέεἲωῗᾶθὲἓέὧίἓῗΡωέἒέἕέἔθῗνωρῖἷᾷῃῶ
1277 2279 1478 2368 Ρθὲἓῒέἐῗ

125 2336 349 2405 dixiiicantes
372 2371 530 2406 inseruit
554 2380 629 2405 non
646 2370 682 2404 A
720 2362 940 2414 reliquimus
956 2370 1090 2414 scripsi
1114 2369 1359 2414 relinquimus
1372 2368 1477 2406 codd.
