1614 2549
678 89 912 124 IVLIANVS
936 92 1002 123 363
1431 88 1516 131 309

167 186 416 227 remittente
447 185 493 226 ui
523 184 690 226 mortis.
752 184 886 224 isdem
919 183 1068 224 diebus
1100 182 1347 223 nuntiatum
1380 184 1447 223 est
1478 181 1519 223 ei

168 259 244 298 per
287 244 458 285 litteras
499 242 661 285 Romae
705 257 832 296 super
875 241 957 283 hoc
1000 241 1116 282 bello
1154 241 1290 282 libros
1324 239 1519 294 Sibyllae

170 302 402 356 consultos,
432 304 481 343 ut
511 302 710 355 iusserat,
741 301 1047 355 imperatorem
1079 314 1128 340 eo
1162 314 1271 340 anno
1304 298 1519 340 discedere

170 376 195 402 a
225 361 441 402 limitibus
475 361 561 402 suis
590 362 739 415 aperto
771 359 1044 413 prohibuisse
1076 372 1296 412 responso.

134 432 150 458 5
290 419 332 461 2.
370 418 546 461 1.Inte1·
576 419 682 460 haec
713 421 859 459 tamen
890 418 1130 472 legationes
1163 416 1359 471 gentium
1390 415 1522 470 pluri-

169 493 338 519 marum
377 478 539 519 auxilia
576 477 888 532 pollicentium,
925 476 1166 517 liberaliter
1206 476 1427 528 susceptae
1459 488 1523 515 re-

170 537 468 591 mittebantur,
500 537 694 591 speciosa
725 535 881 576 fiducia
910 534 1103 589 principe
1123 533 1422 588 respondente,
1452 547 1524 574 ne-

172 610 387 651 quaquam
425 596 573 637 decere
607 594 859 636 aduenticiis
893 592 1150 635 adiumentis
1188 607 1280 633 rem
1311 590 1523 632 uindicari

169 654 423 709 Romanam,
465 655 583 695 cuius
623 654 776 708 opibus
821 652 959 694 foueri
998 651 1248 693 conueniret
1286 651 1447 692 amicos
1480 651 1524 690 et

118 727 152 751 10
172 714 324 767 socios,
364 714 400 754 si
439 713 646 754 auxilium
686 726 758 753 eos
797 711 990 766 adegerit
1020 710 1255 751 necessitas
1295 709 1524 763 inplorare.

172 773 211 815 2.
244 772 384 814 solum
415 771 623 813 Arsacem
655 773 882 812 monuerat
913 769 1142 811 Armeniae
1174 781 1321 822 regem
1357 770 1406 808 ut
1442 766 1526 807 col-

171 831 296 872 lectis
331 831 464 884 copiis
497 830 652 871 ualidis
685 829 868 870 iubenda
902 829 1159 882 operiretur,
1198 841 1280 881 quo
1319 825 1527 878 tenderet,

173 889 274 944 quid
307 889 481 930 deberet
501 902 656 943 urgere
688 902 867 942 propere
895 887 1157 941 cogniturus.
1218 884 1398 939 proinde
1431 897 1527 924 cum

172 948 357 1002 primam
378 948 600 989 consultae
619 948 810 988 rationes
833 946 999 1000 copiam
1019 944 1330 999 praebuissent,
1354 956 1526 984 rumore

120 1019 153 1044 15
172 1021 401 1061 praecurso
433 1006 616 1047 hostiles
650 1019 856 1059 occupare
894 1018 1131 1059 properans
1169 1005 1307 1043 terras
1338 1001 1528 1042 nondum

173 1065 322 1106 adulto
360 1079 472 1118 uere,
513 1065 645 1106 missa
685 1079 760 1118 per
804 1063 1015 1104 militares
1057 1075 1255 1103 numeros
1296 1059 1530 1114 expeditio-

172 1124 263 1165 nali
293 1127 458 1165 tessera
486 1126 660 1165 cunctos
693 1123 878 1164 transire
912 1121 1038 1162 iussit
1057 1119 1321 1174 Euphraten.
1384 1118 1422 1160 3.
1444 1131 1527 1172 quo

174 1185 378 1236 conperto
412 1197 558 1223 omnes
592 1182 767 1223 euolant
789 1196 838 1222 ex
869 1179 1063 1221 hibernis
1096 1178 1450 1232 transmissoque,
1482 1179 1530 1217 ut

172 1244 317 1283 textus
357 1241 540 1282 docebat
579 1240 850 1294 scriptorum,
889 1238 1071 1292 dispersi
1108 1251 1184 1291 per
1217 1237 1426 1278 stationes
1458 1249 1531 1276 ua-

121 1313 154 1338 20
174 1301 261 1341 rias
314 1300 544 1341 aduentum
588 1299 795 1353 principis
848 1296 1170 1352 exspectabant.
1243 1296 1334 1349 ipse
1385 1296 1531 1335 autem

174 1358 457 1400 Antiochiam
491 1371 739 1412 egressurus
771 1355 1071 1410 Heliopoliten
1105 1354 1315 1409 quendam
1346 1352 1532 1394 Alexan-

175 1417 299 1458 drum
332 1416 535 1471 Syriacae
568 1417 672 1458 iuris
706 1415 885 1456 dictioni
916 1413 1126 1468 praefecit
1157 1412 1456 1454 turbulentum
1489 1413 1532 1451 et

176 1490 370 1517 saeuum:
397 1475 652 1530 dicebatque
671 1489 758 1516 non
782 1474 907 1515 illum
927 1472 1145 1526 meruisse,
1177 1471 1251 1513 sed
1271 1469 1533 1511 Antiochen-

176 1534 293 1576 sibus
328 1535 471 1575 auaris
505 1537 545 1575 et
580 1533 904 1575 contumeliosis
936 1531 1063 1572 huius
1096 1530 1213 1571 modi
1234 1529 1419 1571 iudicem
1439 1542 1534 1569 con-

123 1607 157 1633 25
181 1593 340 1634 uenire.
400 1594 440 1634 4.
473 1607 652 1647 cumque
696 1606 791 1633 eum
832 1590 1127 1644 profecturum
1169 1589 1396 1630 deduceret
1426 1586 1535 1627 mul-

177 1652 318 1693 titudo
351 1651 608 1705 promiscua,
640 1652 749 1692 itum
781 1650 951 1691 felicem
983 1649 1254 1702 reditumque
1294 1646 1535 1701 gloriosum

179 1713 386 1766 exoptans
420 1724 630 1765 oransque
662 1712 711 1750 ut
743 1708 894 1750 deinde
920 1707 1149 1762 placabilis
1172 1707 1285 1747 esset
1311 1708 1353 1746 et
1384 1704 1535 1757 lenior,

177 1769 367 1811 nondum
399 1769 477 1822 ira,
511 1783 640 1823 quam
673 1783 723 1809 ex
744 1766 1133 1821 conpellationibus
1163 1768 1205 1806 et
1236 1764 1406 1818 probris
1440 1777 1537 1804 con-

180 1830 362 1882 ceperat,
402 1827 599 1868 emollita
631 1826 890 1881 loquebatur
923 1824 1114 1878 asperius
1154 1838 1197 1864 se
1237 1837 1328 1863 esse
1362 1836 1433 1863 eos
1467 1821 1537 1862 ad-

125 1904 159 1929 30
181 1901 324 1928 serens
356 1888 509 1940 postea
539 1900 627 1927 non
657 1885 862 1926 uisurum'.
924 1883 962 1924 5.
1001 1882 1262 1936 disposuisse
1303 1881 1416 1922 enim
1454 1879 1538 1921 aie-

178 1946 256 1987 bat
287 1944 507 1986 hiemandi
541 1944 685 1999 gratia
715 1958 792 1998 per
826 1941 1176 1996 conpendiariam
1206 1940 1321 1981 uiam
1346 1951 1539 1981 consum-

179 2006 296 2045 mato
328 2003 554 2058 procinctu
575 2002 760 2044 Tarsum
782 2000 959 2043 Ciliciae
978 2013 1262 2052 reuersurum,
1296 1997 1538 2052 scripsisse-

181 2077 261 2117 que
294 2062 349 2104 ad
366 2061 626 2103 Memorium
657 2060 911 2115 praesidem,
930 2061 979 2099 ut
1010 2058 1056 2099 in
1078 2058 1226 2099 eadem
1246 2057 1353 2098 urbe
1386 2057 1539 2098 cuncta

180 2121 277 2162 usui
310 2134 500 2175 congrua
531 2123 798 2174 pararentur.
850 2121 893 2159 et
923 2117 1005 2158 hoc
1035 2117 1141 2158 haut
1162 2116 1234 2158 diu
1264 2118 1417 2170 postea
1443 2128 1537 2155 con-

274 2247 290 2277 1
317 2241 447 2276 mortis
466 2239 669 2275 Lindeozbr.
689 2239 802 2273 moris
816 2238 919 2273 codd.
968 2242 988 2272 5
1007 2237 1222 2282 aegentium
1242 2236 1310 2271 VP
1359 2238 1399 2268 16
1413 2244 1538 2268 mussa

185 2287 219 2321 V
288 2290 330 2321 18
354 2286 439 2329 fort.
466 2296 533 2320 scr.
558 2283 838 2328 transmissique
915 2285 958 2317 26
983 2282 1195 2327 promiscua
1217 2281 1312 2315 itum
1340 2279 1373 2314 G
1397 2289 1536 2323 pronus

184 2332 366 2376 quantum
395 2330 509 2365 VPba
602 2332 644 2363 27
671 2329 851 2373 exoptans
879 2327 913 2361 G
938 2328 1111 2362 exortans
1139 2326 1175 2361 V
1250 2326 1320 2360 *28
1345 2324 1440 2358 iram
1468 2322 1537 2357 VP

184 2381 226 2412 34
251 2376 334 2410 usui
350 2375 540 2419 Kiessli'ny
566 2373 636 2408 sibi
663 2373 733 2409 ΘΑ
759 2373 814 2407 sui
843 2371 897 2407 Vb
