1614 2549
24 719 57 744 10

25 1013 58 1039 15

25 1311 59 1336 20

26 1603 60 1629 25

27 1897 61 1922 30

392 80 728 117 CONSTANTIVS
752 78 814 114 ET
837 78 1069 115 IVLIANVS
1094 83 1161 115 359
1345 80 1424 122 167

76 177 310 232 moenibus,
342 177 569 230 locatoque
607 175 669 216 ibi
700 174 939 216 conditorio
971 173 1203 215 muralium
1239 175 1425 215 tormen·

76 239 220 277 torum
249 235 354 277 fecit
383 234 581 276 hostibus
612 233 891 275 formidatam
915 246 1074 286 suoque
1093 232 1266 273 nomine
1285 232 1426 274 uoluit

77 294 298 349 appellari.
359 294 398 335 2.
436 296 479 334 et
517 308 542 334 a
577 293 713 334 latere
752 292 924 346 quidem
962 291 1142 332 australi
1180 291 1425 345 geniculato

77 352 266 407 Tigridis
298 355 443 394 meatu
475 351 692 393 subluitur
721 351 898 405 propius
922 350 1199 404 emergentis;
1233 364 1317 404 qua
1336 350 1426 391 euri

77 412 310 465 opponitur
329 411 515 464 flatibus,
534 410 874 464 Mesopotamiae
894 409 1025 463 plana
1045 409 1284 462 despectat;
1315 408 1425 450 unde

77 470 268 524 aquiloni
300 470 486 512 obnoxia
518 471 599 523 est7
629 468 885 523 Nymphaeo
919 467 1036 508 amni
1067 467 1227 520 uicina,
1257 467 1428 508 uertici-

76 529 155 570 bus
194 529 394 570 Taurinis
441 528 665 569 umbratur
715 530 865 581 gentes
913 525 1285 580 Transtigritanas
1330 526 1427 567 diri-

77 588 291 629 mentibus
331 591 374 629 et
405 586 673 639 Armeniam3
714 585 899 640 spiranti
931 584 1117 639 zephyro
1151 587 1428 625 contrauersa

78 645 395 687 Gumathenam
416 645 632 699 contingit
663 645 885 699 regionem
904 644 1079 685 uberem
1101 646 1143 684 et
1163 643 1282 684 cultu
1307 643 1428 684 iuxta

76 704 312 759 fecundam,
343 705 390 745 in
409 719 493 759 qua
522 704 641 745 uicus
674 706 739 745 est
760 703 934 744 Abarne
954 703 1127 744 nomine
1154 701 1428 756 sospitalium

77 778 283 817 aquarum
315 764 499 805 lauacris
521 763 760 804 calentibus
780 765 920 803 notus.
970 762 1016 802 in
1034 766 1126 815 ipso
1149 762 1292 802 autem
1311 759 1429 801 Ami-

77 822 154 863 dae
186 823 428 864 meditullio
462 822 540 863 sub
574 836 668 863 arce
706 821 802 862 fons
835 821 953 861 diues
993 820 1179 861 exundat
1218 819 1426 873 potabilis

78 881 260 935 quidem,
292 882 366 922 sed
397 880 618 935 uaporatis
651 881 841 921 aestibus
873 894 960 921 non
991 893 1225 932 numquam
1250 877 1428 919 faetens.

77 940 116 980 3.
149 941 266 981 cuius
300 940 446 994 oppidi
477 939 690 993 praesidio
725 942 818 980 erat
844 952 1011 991 semper
1045 937 1195 991 quinta
1225 936 1429 977 Parthica

78 998 192 1053 legio
225 998 441 1040 destinata
472 1012 567 1039 cum
599 997 900 1052 indigenarum
937 1000 1080 1037 turma
1117 1009 1205 1037 non
1243 998 1429 1036 contem-

75 1057 226 1098 nenda.
288 1057 361 1098 sed
392 1060 493 1098 tunc
532 1057 804 1110 ingruentem
836 1056 1066 1097 Persarum
1104 1054 1428 1095 multitudinem

77 1131 150 1157 sex
188 1116 382 1170 legiones
420 1116 581 1170 raptim
624 1116 838 1169 percursis
883 1114 1111 1155 itineribus
1154 1116 1429 1167 antegressae

77 1175 210 1216 muris
244 1175 449 1216 adstitere
482 1174 754 1215 firmissimis.
804 1173 1097 1227 Magnentiaci
1118 1175 1160 1214 et
1180 1171 1430 1214 Decentiaci

79 1248 184 1287 quos
215 1237 316 1288 post
348 1236 664 1275 consummatos
698 1233 847 1273 ciuiles
879 1232 1138 1286 procinctus,
1170 1234 1218 1272 ut
1249 1230 1426 1272 fallaces

80 1295 123 1333 et
159 1292 356 1333 turbidos
395 1293 448 1333 ad
487 1292 696 1333 orientem
739 1292 886 1332 uenire
931 1290 1141 1344 compulit
1185 1290 1431 1343 imperator,

79 1351 152 1392 ubi
188 1351 299 1392 nihil
338 1354 510 1405 praeter
546 1351 663 1391 bella
699 1350 877 1391 timetur
915 1353 1107 1402 externa,
1146 1352 1189 1389 et
1221 1347 1432 1389 Tricensi-

78 1410 196 1451 mani
232 1409 541 1464 Decimanique
573 1409 802 1450 Fortenses
842 1411 885 1449 et
924 1407 1262 1462 Superuentores
1302 1408 1430 1461 atque

77 1468 390 1510 Praeuentores
430 1483 526 1510 cum
557 1468 740 1509 Aeliano
783 1467 869 1508 iam
903 1466 1083 1519 Comite‚
1122 1480 1228 1520 quos
1266 1465 1430 1507 tirones

78 1531 171 1568 tum
209 1528 340 1569 etiam
385 1528 580 1568 nouellos
632 1527 835 1568 hortante
872 1528 1111 1567 memorato
1151 1525 1287 1566 adhuc
1337 1538 1431 1578 pro-

79 1589 242 1627 tectore
275 1587 465 1640 erupisse
487 1601 512 1627 a
532 1585 717 1640 Singara
735 1585 973 1639 Persasque
1005 1584 1124 1625 fusos
1157 1584 1203 1624 in
1234 1597 1433 1624 somnum

78 1645 324 1686 rettulimus
369 1645 608 1686 trucidasse
654 1644 907 1698 complures.
969 1644 1009 1684 4.
1043 1643 1192 1684 aderat
1225 1642 1433 1683 comitum

80 1718 246 1758 quoque
285 1704 611 1758 sagittariorum
649 1718 748 1757 pars
787 1703 943 1756 maior,
982 1704 1199 1756 equestres
1231 1700 1433 1743 uidelicet

77 1766 245 1804 turmae
284 1763 345 1804 ita
378 1763 718 1816 cognominatae,
756 1762 831 1803 ubi
862 1764 1029 1802 merent
1069 1775 1215 1802 omnes
1254 1759 1431 1814 ingenui

79 1821 271 1875 barbari,
316 1836 534 1862 armorum
576 1821 818 1875 uiriumque
857 1820 1122 1861 firmitudine
1166 1819 1278 1860 inter
1323 1818 1431 1858 alios

84 1881 332 1921 eminentes.

202 1937 278 1980 10.
314 1940 351 1980 1.
388 1938 507 1980 Haec
540 1939 639 1979 dum
670 1939 799 1991 primi
831 1938 1015 1991 impetus
1054 1937 1169 1978 turbo
1207 1935 1431 1977 conatibus

81 1998 221 2052 agitat
240 1998 483 2051 insperatis,
515 2012 589 2038 rex
611 2011 707 2038 cum
738 1997 899 2050 populo
922 2011 996 2037 suo
1020 1995 1306 2049 gentibusque
1327 2008 1431 2048 quas

81 2057 305 2110 ductabat,
344 2071 369 2097 a
400 2056 565 2097 Bebase
603 2056 697 2097 loco
737 2055 890 2096 itinere
929 2055 1037 2096 flexo
1077 2055 1345 2105 dextrorsus,
1386 2055 1434 2093 ut

171 2192 193 2222 4
217 2199 318 2223 emer
347 2189 442 2222 entis
459 2199 534 2232 qua
549 2187 637 2222 Euri
658 2187 728 2222 GA
746 2188 1023 2232 emergentesq3
1049 2186 1121 2220 uiri
1142 2186 1231 2221 VPb
1279 2189 1298 2220 5
1322 2184 1434 2230 plane

86 2233 175 2268 VPb
267 2237 287 2268 9
346 2233 588 2267 umathenam
615 2232 649 2268 G
673 2232 904 2277 gumathena
925 2231 1039 2266 VPba
1065 2230 1317 2276 Comagenam
1342 2229 1434 2264 Lin-

81 2278 206 2313 denbr.
278 2281 319 2312 12
345 2277 537 2312 exundant
565 2278 600 2311 V
669 2281 708 2312 18
734 2276 926 2311 adstiterie
956 2276 990 2310 V
1056 2280 1099 2310 22
1124 2276 1335 2320 decimique
1357 2273 1435 2310 Vba

82 2321 278 2403 Freoefflffis
308 2322 476 2358 Valesius
568 2326 611 2357 25
636 2322 736 2356 fusos
760 2332 963 2366 persasque
994 2321 1099 2356 VAP
1191 2325 1232 2356 31
1258 2319 1369 2355 turbo
1402 2319 1435 2355 G

83 2376 150 2401 om.
269 2378 293 2402 a
