1614 2549
387 91 727 127 CONSTANTIVS
750 90 814 127 ET
838 91 1070 128 IVLIANVS
1095 96 1161 130 360
1373 95 1459 138 209

105 185 158 228 ad
190 200 312 228 suum
331 199 419 227 non
448 185 662 239 potuisset
683 185 924 242 arbitrium,
956 187 1090 241 quieti
1108 187 1221 230 diem
1239 187 1457 243 integrum

7 223 12 289 1
105 244 222 286 dedit
253 246 296 286 et
326 244 565 286 matutinae
591 244 700 286 lucis
726 245 913 300 exordio,
946 245 1070 300 signo
1102 261 1179 301 per
1210 246 1456 289 flammeum

105 305 246 345 erecto
295 302 503 344 uexillum
554 303 887 345 circumuaditur
932 304 1086 347 ciuitas
1131 320 1156 346 a
1200 305 1455 360 quibusdam

6 314 10 427 1
102 361 360 403 uehentibus
393 362 543 416 scalas,
583 362 680 404 aliis
719 363 1058 417 conponentibus
1097 363 1330 419 machinas,
1367 365 1456 419 ple-

0 473 1 476 Ἴ
67 443 84 469 5
102 420 246 475 risque
279 421 451 462 obiectu
487 421 710 463 uinearum
747 421 1075 476 pluteorumque
1113 422 1252 477 tectis,
1289 423 1372 465 iter
1403 424 1457 465 ad

102 478 381 521 fundamenta
393 479 608 534 parietum
619 480 923 534 quaerentibus
939 480 1238 522 subuertenda.
1257 482 1297 522 4.
1306 485 1457 524 contra

102 537 208 580 haec
228 538 431 605 oppidani
464 540 756 592 superstantes
776 538 1112 605 propugnaculis
1143 539 1269 581 celsis
1302 540 1454 594 lapidi-

102 597 183 638 bus
216 597 379 638 eminus
412 597 726 651 telorumqueg
701 610 856 639 venere
877 597 993 639 omni
1020 598 1073 639 ad
1103 598 1312 641 interiora
1342 599 1453 641 fero-

103 656 193 697 cius
226 670 270 697 se
301 656 588 710 proripientes
622 656 838 698 arcebant.

4 706 8 731 ²
49 738 82 763 10
221 714 259 756 5.
290 714 350 756 Et
387 715 663 769 pugnabatur
695 718 850 757 euentu
882 715 1062 769 ancipiti
1094 715 1243 757 diebus
1276 715 1456 771 aliquot,

101 772 202 814 111110
239 773 336 815 111ᾶο
369 774 517 815 multis
556 774 725 815 amissis
758 777 802 816 et
830 774 1091 816 uulneratis:
1122 776 1341 828 postremo
1375 775 1456 817 fer-

100 834 227 873 uente
268 833 549 874 certaminum
581 833 694 874 mole
727 834 770 874 et
800 833 1116 887 propinquante
1154 833 1242 874 iam
1274 847 1455 887 uespera

100 890 213 932 inter
256 891 477 933 machinas
527 891 673 945 plures
718 891 914 933 admotus
965 892 1074 933 aries
1125 891 1454 934 robustissimus

102 950 389 991 orbiculatam
421 950 576 991 turrim
607 950 792 992 feriebat
822 950 980 992 ictibus
1014 950 1169 1004 densis,
1201 950 1312 991 unde
1345 965 1455 992 rese-

48 1032 82 1058 15
101 1012 242 1050 ratam
273 1009 424 1050 urbem
456 1009 624 1050 obsidio
659 1009 876 1063 superiore
909 1009 1143 1051 docuimus.
1194 1009 1233 1050 6.
1253 1009 1306 1050 ad
1327 1023 1455 1064 quam

101 1081 307 1109 conuersa
352 1068 478 1122 plebe
523 1067 808 1109 dimicabatur
853 1067 1070 1109 artissime
1114 1068 1314 1122 facesque
1359 1082 1455 1110 cum

99 1126 237 1168 taedis
270 1126 519 1168 ardentibus
553 1129 596 1168 et
627 1126 844 1168 malleolis
877 1126 929 1168 ad
950 1126 1210 1168 exurendum
1241 1126 1455 1168 inminens

100 1185 262 1227 malum
293 1185 480 1239 undique
501 1185 789 1227 conuolabant
820 1199 897 1226 nec
931 1185 1192 1239 sagittarum
1222 1185 1455 1227 crebritate

99 1259 177 1286 nec
209 1244 378 1299 glandis
411 1244 512 1285 hinc
544 1244 641 1285 inde
662 1246 868 1286 cessante.
911 1244 1018 1285 uicit
1049 1246 1196 1285 tamen
1215 1258 1340 1285 omne
1359 1258 1456 1298 pro·

48 1329 83 1355 20
102 1302 280 1344 hibendi
313 1306 601 1344 commentum
622 1316 800 1344 acumen
820 1303 968 1344 arietis
1002 1305 1259 1357 coagmenta
1285 1302 1452 1344 fodiens

100 1362 293 1416 lapidum
323 1376 470 1403 recens
510 1364 773 1403 structorum
803 1361 1060 1416 madoreque
1093 1361 1225 1403 etiam
1263 1364 1356 1403 tum
1393 1362 1455 1403 111-

100 1420 300 1462 firmium.
364 1421 400 1461 7.
433 1421 616 1475 dumque
648 1420 786 1462 adhuc
817 1420 933 1461 ferro
967 1422 1157 1461 certatur
1190 1423 1233 1461 et
1265 1420 1453 1475 ignibus,

0 1515 1 1530 2
98 1479 210 1521 turri
247 1479 452 1533 conlapsa
490 1494 585 1521 011111
622 1480 836 1533 patuisset
873 1479 956 1520 iter
996 1479 1041 1520 in
1077 1479 1246 1533 urbem,
1291 1478 1452 1521 nudato

0 1534 2 1595 ξ
99 1538 494 1593 propugnatoribus
527 1539 634 1592 loco,
668 1552 774 1593 quos
812 1538 994 1592 periculi
1026 1537 1254 1579 disiecerat
1292 1539 1456 1593 magni-

45 1597 218 1653 25111110,
248 1596 477 1639 Persarum
502 1597 678 1652 agmina
708 1597 895 1651 undique
916 1596 1118 1638 ululabili
1139 1596 1326 1638 clamore
1360 1597 1456 1638 sub-

102 1656 206 1710 lato,
245 1656 365 1697 nullo
408 1656 636 1698 cohibente
679 1659 833 1698 cuncta
874 1655 1022 1721 oppidi
1059 1655 1254 1697 membra
1287 1656 1455 1710 conple-

98 1715 218 1770 bant,
256 1715 474 1769 caesisque
512 1715 754 1781 promiscue
798 1714 1072 1769 paucissimis
1104 1714 1266 1755 residui
1305 1728 1452 1756 omnes

99 1748 304 1815 mandatu
337 1772 512 1828 Saporis
551 1774 641 1815 uiui
674 1772 955 1828 conprehensi
993 1774 1047 1815 ad
1084 1774 1285 1828 regiones
1317 1773 1456 1816 Persi-

100 1833 164 1874 dis
196 1832 372 1874 ultimas
406 1836 505 1874 simt
537 1833 762 1886 asportati.

45 1921 81 1947 30
220 1891 258 1933 8.
279 1890 530 1933 Tuebantur
563 1894 706 1932 autem
737 1891 848 1932 hanc
869 1890 1092 1932 ciuitatem
1123 1890 1316 1944 legiones
1338 1890 1456 1944 duae,

100 1950 243 2004 prima
267 1948 420 1991 Flauia
458 1950 681 2004 primaque
713 1949 930 2003 Parthica,
969 1951 1011 1990 et
1042 1948 1271 2003 indigenae
1309 1949 1454 2004 plures

0 2025 4 2089 l

192 2128 209 2158 1
249 2124 349 2159 diem
389 2125 433 2169 119
476 2123 562 2158 dem
606 2123 674 2159 VP
764 2127 785 2157 4
826 2122 1136 2203 componentibus
1175 2123 1281 2173 Ρό9α
1319 2133 1456 2166 conpu-

100 2169 288 2204 mentibus
325 2169 359 2202 V
471 2168 639 2212 7<dani
672 2170 742 2213 su>
774 2168 852 2202 add
1054 2172 1094 2202 11
1127 2167 1271 2202 amissis
1302 2168 1341 2202 et
1375 2167 1457 2212 Pby

100 2214 210 2248 amiss
247 2214 286 2248 et
326 2213 360 2247 V
426 2217 468 2248 14
499 2213 743 2249 orbiculatam
773 2213 880 2258 qua
915 2212 1183 2248 corbiculatam
1212 2212 1247 2246 V
1314 2216 1355 2247 18
1379 2223 1456 2247 ma-

99 2258 180 2292 lum
214 2258 283 2303 bya
319 2269 471 2293 manum
514 2258 582 2293 VP
666 2269 741 2293 non
778 2258 1000 2303 sagittarum
1030 2259 1073 2302 119
1166 2261 1208 2292 19
1240 2256 1376 2302 glande
1414 2257 1457 2301 by

100 2306 144 2337 23
174 2303 246 2338 iter
276 2304 320 2348 by
350 2304 389 2338 et
419 2303 506 2338 iteri
547 2303 580 2337 V
614 2304 652 2338 et
686 2303 740 2338 ita
770 2303 807 2338 R
898 2307 941 2338 26
970 2303 1168 2337 cohibente
1204 2269 1264 2347 byg
1283 2302 1455 2337 coibente

101 2347 141 2426 ἕ
177 2358 284 2427 cognp
259 2348 417 2392 plebant
456 2348 489 2383 G
524 2348 717 2394 conplebit
757 2348 825 2384 VP
861 2348 1067 2394 compleuit
1102 2348 1167 2384 rba
1275 2351 1318 2383 28
1354 2357 1458 2381 man-

128 2395 190 2427 ato
237 2403 284 2437 9α

172 2455 350 2484 Annuuvs
370 2458 589 2485 Masscnmm
593 2466 616 2485 s.
1200 2453 1245 2484 14
