1573 2508
87 101 114 141 6
620 103 721 138 xnu
752 108 782 147 1,
810 106 899 138 3-—9

82 199 313 241 acerbitati
346 215 451 241 uxor
483 213 615 251 graue
642 203 880 242 accesserat
911 199 1187 253 incentiuum‚
1219 200 1431 254 germani-

83 260 174 300 tate
194 256 381 312 Augusti
402 258 573 312 turgida
596 273 724 312 supra
745 259 928 312 modum,
957 273 1085 313 quam
1106 258 1429 301 Halmibaliano

84 317 177 371 regi
208 317 354 358 fratris
389 317 478 357 filio
511 316 693 358 antchac
726 316 1034 359 Constantinus
1066 317 1265 359 iunxerat
1296 319 1431 372 pater,

82 374 286 430 Megaera
308 375 517 429 quaedam
539 376 749 428 mortalis,
781 376 1088 418 inflammatrix
1109 376 1341 418 saeuientis
1362 375 1431 417 ad-

83 434 217 487 sidua,
248 433 425 475 humani
446 435 607 476 cruoris
629 434 753 476 auida
784 435 892 476 nihil
915 435 1061 476 mitius
1082 450 1211 489 quam
1231 434 1429 488 maritus3
1449 446 1466 473 ⁵

84 493 157 547 qui
188 493 399 546 paulatim
420 493 671 534 eruditiores
702 493 805 535 facti
837 508 1039 547 processu
1059 494 1265 548 temporis
1287 493 1339 535 ad
1359 507 1432 535 no-

84 550 261 592 cendum
292 565 368 605 per
391 551 678 593 clandestinos
711 556 991 606 uersutosque
1026 552 1311 607 rumigerulos
1336 566 1430 593 con-

83 610 217 663 pertis
263 610 418 651 leuiter
456 611 608 652 addere
648 610 855 664 quaedam
897 611 1009 652 male
1048 615 1192 652 suetos
1238 610 1349 652 falsa
1387 613 1431 652 ct

82 668 298 722 placentia
332 669 415 710 sibi
448 669 674 722 discentes,
707 669 911 711 adfectati
937 670 1059 723 regni
1091 670 1159 711 uel
1182 669 1340 711 artium
1360 684 1430 710 110-

82 727 309 768 fandarum
341 728 579 769 calumnias
612 728 853 769 insontibus
876 728 1134 782 adfigebant.
1185 729 1223 769 3.
1251 728 1431 769 eminuit
1452 735 1484 760 10

83 787 226 827 autem
258 786 370 827 inter
401 786 583 828 humilia
616 800 893 841 supergressa
925 787 1011 828 iam
1037 787 1293 841 impotentia
1325 786 1430 828 fines

83 844 360 886 mediocrium
411 845 664 886 delictorum
720 846 905 887 nefanda
956 845 1159 887 Clematii
1210 845 1430 887 cuiusdam

82 902 362 944 Alexandrini
393 904 553 945 nobilis
575 918 690 945 mois
723 905 964 958 repentium
998 905 1117 946 cuius
1152 919 1299 946 socrus
1334 919 1429 945 cum

17 1002 26 1015 u
82 976 252 1003 mlseerl
286 962 368 1003 &lbi
413 963 868 1017 (re1101·11111.fla0'1··c1118
908 963 998 1004 eius
1031 978 1193 1017 altiore,
1237 977 1321 1004 non
1356 978 1430 1003 lm-

82 1023 284 1073 petraret,
317 1024 363 1062 ut
395 997 916 1076 ferebatur,pe1⁰2p1latii
942 997 1484 1076 pseudothyiumintro-15

81 1078 226 1131 ducta,
259 1079 406 1120 oblato
438 1079 629 1133 pretioso
662 1080 836 1134 reginae
870 1081 1021 1122 monili
1054 1081 1094 1121 id
1128 1080 1330 1122 adsecuta
1352 1082 1429 1131 est,

82 1139 128 1178 ut
160 1137 213 1178 ad
244 1137 516 1180 Honoratum
549 1141 640 1180 tum
662 1139 862 1180 comitem
883 1139 1060 1180 orientis
1082 1139 1269 1180 formula
1297 1138 1429 1180 missa

81 1195 203 1237 letali
236 1196 408 1238 0111111110
441 1197 601 1238 scelere
633 1198 753 1239 nullo
787 1200 1008 1239 contactus
1046 1198 1158 1239 idem
1191 1196 1429 1239 Clematius

80 1269 157 1296 1100
189 1254 353 1296 hiscere
386 1270 462 1297 nec
495 1256 614 1310 loqui
645 1256 880 1310 permissus
913 1256 1186 1298 occideretur.

198 1314 237 1354 4.
270 1313 377 1355 Post
401 1314 483 1355 hoc
523 1314 654 1368 impie
680 1318 975 1369 perpetratum
1004 1315 1116 1369 quod
1142 1315 1185 1356 in
1208 1313 1307 1356 aliis
1329 1328 1429 1368 quo-
1448 1332 1482 1358 20

82 1386 162 1426 que
201 1372 287 1413 iam
319 1373 570 1426 timebatur,
608 1375 831 1428 tamquam
871 1374 1044 1415 licentia
1084 1372 1330 1415 crudelitati
1369 1373 1430 1413 in-

80 1430 201 1471 dulta
231 1445 308 1484 per
340 1431 630 1486 suspicionum
662 1432 1094 1476 nelmlas.aesti1nati
1118 1432 1292 1487 quidam
1311 1431 1429 1472 noxii

80 1489 408 1531 damnabantur.
471 1505 651 1545 quorum
690 1506 789 1544 pars
822 1491 980 1544 necati,
1019 1491 1095 1532 alii
1127 1490 1267 1545 puniti
1299 1490 1430 1532 bono-

80 1563 176 1589 rum
220 1549 478 1590 multatione
523 1549 692 1603 actique
738 1550 900 1591 laribus
946 1550 1034 1591 suis
1073 1552 1264 1591 extorres
1308 1548 1428 1590 nullo

81 1606 166 1648 sibi
206 1607 355 1648 relicto
395 1610 566 1661 praeter
605 1608 800 1662 querelas
840 1611 883 1649 et
920 1609 1138 1661 lacrimas,
1184 1607 1295 1661 stipe
1334 1621 1429 1648 con·
1448 1631 1482 1656 25

81 1665 229 1707 laticia
267 1665 545 1719 uictitabant,
585 1670 627 1707 et
659 1667 776 1707 ciuili
816 1667 1012 1721 iustoque
1052 1666 1232 1720 imperio
1267 1665 1319 1707 ad
1357 1679 1430 1707 uo-

81 1723 293 1765 luntatem
331 1739 535 1766 conuerso
576 1728 814 1777 cruentam,
853 1725 1163 1766 claudebantur
1200 1724 1429 1778 opulentae

80 1782 231 1823 domus
252 1785 296 1823 et
315 1783 468 1824 clarae.
530 1785 568 1824 5.
599 1798 677 1824 nec
698 1799 779 1824 uox
800 1785 1061 1825 accusatoris
1089 1784 1179 1825 ulla
1206 1783 1308 1824 licet
1335 1782 1430 1824 sub-

80 1841 218 1883 diticii
257 1842 300 1882 in
332 1841 399 1883 his
432 1842 645 1883 malorum
678 1843 964 1896 quaerebatur
996 1842 1161 1884 aceruis
1194 1844 1241 1883 ut
1273 1841 1429 1883 saltem

81 1900 221 1954 specie
254 1903 377 1941 tenus
411 1901 589 1942 crimina
621 1901 897 1954 praescriptis
938 1900 1081 1953 legum
1115 1900 1429 1942 committeren-
1449 1919 1483 1944 30

80 1961 162 2011 tur,
194 1959 303 2012 quod
337 1959 598 2013 aliquotiens
631 1961 767 2000 fecere
800 1960 1013 2013 principes
1042 1960 1178 2002 saeui:
1212 1958 1283 1999 sed
1317 1958 1431 2012 quic-

172 2094 192 2123 2
218 2090 456 2125 annibaliano
485 2090 556 2125 GP
581 2091 835 2126 anniballiano
866 2091 899 2124 V
920 2091 1196 2125 Hannibaliano
1222 2091 1264 2125 ba
1328 2093 1349 2125 9
1374 2089 1428 2123 di-

83 2135 211 2170 centes
247 2135 315 2180 bqa
415 2139 455 2169 10
487 2136 645 2169 eminuit
685 2136 716 2170 G
755 2136 889 2170 minuit
925 2136 1030 2172 codd.
1126 2140 1163 2170 11
1205 2134 1430 2178 impotentia

89 2212 250 2258 ”fayner
286 2214 453 2269 potentia
489 2214 591 2247 codd.
687 2218 727 2249 13
765 2189 871 2248 mon¹¹
911 2213 942 2247 V
1031 2213 1132 2258 cum]
1172 2224 1252 2247 colu
1296 2211 1427 2256 VPbya

86 2261 128 2293 18
153 2259 303 2292 omnino
339 2257 385 2290 1Ι
422 2269 504 2292 01110
536 2257 585 2292 V¹
624 2257 708 2292 odio
738 2259 816 2302 hya.
909 2263 947 2292 21
984 2258 1129 2292 indulta
1165 2258 1212 2300 cf.
1236 2256 1430 2292 Prisciani

84 2301 149 2337 IX
171 2305 215 2337 51
241 2305 383 2347 (11437
408 2303 456 2336 ΙΙ.
461 2306 472 2339 )
536 2306 578 2338 ‘28
605 2302 793 2337 subditicii
819 2303 1021 2339 vadenbr.
1049 2301 1188 2337 subditi
1214 2304 1251 2336 et
1281 2300 1428 2346 VPbya.

84 2384 124 2416 31
156 2355 277 2416 facere
309 2380 348 2416 V.
