1573 2508
81 58 165 104 338
598 38 721 77 xxm
745 42 778 80 a,
801 35 936 72 84-88
1457 0 1494 115 lg
1516 0 1553 27 s

86 147 302 195 metuendi
342 143 413 186 uel
452 135 710 181 exercitibus
748 126 965 179 maximis,
1013 120 1229 177 equitatus
1270 113 1440 157 uirtute
1481 119 1485 161 ,¹

89 208 251 261 confisi,
276 204 351 247 ubi
370 198 550 243 desudat
567 191 776 236 nobilitas
797 185 936 229 omnis
957 185 999 224 et
1019 177 1231 235 splendor.
1266 172 1432 228 pedites
1534 167 1537 169 ’

91 270 204 313 enim
242 266 288 306 in
326 259 510 316 speciem
547 249 857 296 mirmillonum
896 239 1080 285 contecti
1120 237 1238 279 iussa
1274 231 1439 273 faciunt
1486 276 1488 279 f
1541 268 1546 272 ,

92 331 140 371 ut
172 325 355 368 calones.
418 314 692 370 sequiturque
726 318 892 359 semper
922 301 1029 342 haee
1059 295 1187 338 turba
1217 296 1440 345 tamquam
1476 288 1479 313 ἲ

98 385 268 430 addicta
299 375 474 435 perenni
508 370 682 414 seruitio
715 380 791 407 nec
824 357 1049 416 stipendiis
1070 350 1299 408 aliquando
1330 347 1443 389 fulta
1460 356 1485 384 ⁶*
1533 366 1535 370 ·
1572 352 1573 374 1

94 459 171 488 nec
200 440 333 483 donis.
384 440 425 477 et
446 435 595 489 gentes
628 425 834 482 plurimas
867 420 1037 474 praeter
1057 428 1129 456 cas
1150 424 1256 466 quas
1277 404 1445 450 abmide
1472 410 1505 449 ,²

99 498 358 560 perdomuit,
397 493 474 536 sub
513 491 661 543 iugum
698 485 804 525 haec
835 478 955 521 natio
996 474 1172 516 miserat
1209 469 1271 510 ita
1309 464 1448 508 audax

103 567 143 605 et
178 560 229 602 ad
262 556 460 612 pulueres
480 547 663 592 Martios
697 540 881 592 erudita,
911 536 956 577 ni
987 532 1115 574 bellis
1149 526 1349 570 ciuilibus
1382 537 1450 564 ex-

102 620 322 672 ternisque
355 610 527 654 adsidue
559 603 828 648 uexarentur.
878 596 946 638 84.
965 586 1226 634 indumentis
1258 583 1451 639 plerique

107 692 253 722 eorum
284 676 347 716 ita
368 669 618 725 operiuntur
649 659 810 703 lumine
831 655 1023 697 colorum
1043 644 1309 702 fulgentibus
1329 639 1450 682 uario
1472 651 1482 675 ι

108 742 172 792 ut,
217 736 320 777 licet
358 731 475 772 sinus
516 726 738 775 lateraque
786 715 951 757 dissuta
989 706 1236 761 relinquant
1278 699 1487 742 flatibus’

111 793 269 852 agitari
294 792 534 839 uentorum,
566 783 678 824 inter
699 777 863 819 calceos
895 775 1040 812 tamen
1061 769 1104 808 et
1122 762 1328 805 uerticem
1346 755 1456 799 nihil

111 855 308 899 uideatur
346 848 565 890 intectum.
637 834 819 880 armillis
857 831 921 873 uti
959 824 1276 875 monilibusque
1317 815 1458 859 aureis

919 888 976 929 tis
1023 883 1177 939 quibus
1229 875 1462 927 abundant,

114 919 157 957 et
205 907 407 967 gemmis,
456 900 682 958 praecipue
727 889 917 945 margari

117 967 355 1016 adsuefacti
386 965 485 1019 post
516 957 698 1014 Lydiam
729 953 889 995 uictam
922 949 964 988 et
997 943 1214 986 Croesum.

237 1027 306 1070 85.
337 1023 492 1066 Restat
517 1021 566 1060 ut
598 1028 724 1069 super
755 1011 852 1052 ortu
884 1004 1041 1059 lapidis
1073 999 1199 1041 huius
1219 1008 1355 1051 pauca
1376 1005 1465 1033 suc-

439 1081 446 1088 '
985 1065 1003 1103 t
1028 1060 1182 1102 Persas
1202 1051 1466 1107 margaritae

999 1117 1138 1161 bustis
1192 1116 1234 1155 et
1278 1099 1502 1153 candidis'«

513 1196 520 1203 ’
579 1190 680 1235 anni
713 1191 906 1239 tempore
938 1177 1196 1235 praestituto
1230 1171 1472 1223 conceptae.

568 1252 634 1292 lut
666 1247 827 1290 coitum
860 1239 1071 1297 quendam
1102 1235 1302 1276 humores
1330 1242 1381 1269 ex
1411 1225 1475 1267 lu-

128 1324 224 1367 nari
265 1316 490 1373 aspergine
532 1309 707 1364 capiunt
744 1302 915 1345 densius
949 1293 1182 1339 oscitando.
1243 1286 1476 1340 exindeque
1506 1289 1507 1305 ³
1562 1304 1566 1332 :

133 1379 385 1439 grauidulae
406 1374 536 1416 edunt
561 1368 749 1410 minutas
769 1362 894 1403 binas
917 1360 990 1399 aut
1021 1358 1166 1396 ternas
1199 1348 1268 1390 uel
1300 1345 1478 1387 uniones

134 1443 227 1485 ideo
249 1439 310 1480 sic
330 1432 569 1489 appellatas
592 1424 703 1481 quod
725 1420 986 1463 euisceratae
1020 1408 1251 1454 conchulae
1285 1401 1478 1458 singulas
1512 1424 1514 1431 r

136 1496 396 1554 aliquotiens
435 1489 609 1545 pariunt
649 1482 721 1525 sed
760 1479 956 1520 maiores.
1019 1471 1087 1514 86.
1119 1469 1245 1521 idque
1278 1461 1482 1505 indicium

139 1562 204 1602 est
236 1552 428 1599 aetheria
459 1547 604 1603 potius
645 1538 923 1587 deriuatione,
969 1544 1097 1586 quam
1135 1523 1298 1579 saginis
1339 1517 1518 1574 pelagia

140 1619 220 1660 hos
259 1612 363 1656 oriri
405 1610 517 1650 fetus
560 1606 603 1645 et
640 1599 774 1650 uesci,
817 1592 928 1649 quod
962 1591 1110 1644 guttae
1143 1580 1345 1626 matutini
1377 1576 1486 1619 roris
1514 1589 1519 1644 ς
1572 1575 1573 1581 ’

144 1676 280 1719 isdem
303 1670 468 1714 infusae
489 1665 626 1707 claros
647 1657 838 1701 efficiunt
859 1650 1033 1705 lapillos
1060 1648 1103 1686 et
1120 1644 1291 1693 teretes,
1321 1649 1490 1691 uesper·
1520 1654 1522 1672 :
1546 1683 1549 1687 .

143 1734 226 1777 tini
275 1744 377 1773 uero
429 1726 640 1767 fiexuosos
686 1718 835 1758 contra
879 1713 922 1751 ct
965 1706 1118 1750 rutilos
1164 1704 1207 1742 et
1249 1695 1490 1740 maculosos
1521 1673 1564 1748 ij}

148 1791 374 1836 interdum.
436 1782 615 1825 minima
661 1778 804 1818 autem
846 1769 916 1811 uel
960 1778 1119 1818 magna
1161 1773 1240 1815 pro
1284 1753 1494 1811 qualitate
1546 1760 1562 1814 ,'

146 1853 379 1894 haustuum
411 1842 652 1897 figurantur
685 1832 853 1876 casibus
885 1824 1078 1869 uariat-is.
1140 1817 1362 1861 conclusae
1392 1823 1495 1853 uero
1515 1779 1564 1873 ³³i

151 1907 401 1964 saepissime
442 1903 559 1942 metu
591 1896 810 1949 fulgurum
841 1883 1094 1930 inanescunt
1132 1880 1206 1920 aut
1237 1871 1397 1916 debilia
1427 1883 1498 1924 pa·
1543 1857 1551 1926 l

150 1970 269 2012 riunt
301 1967 376 2007 aut
407 1962 518 2003 certe
551 1955 669 1998 uitiis
702 1949 902 1992 diffluunt
934 1938 1155 1986 abortiuis.
1211 1934 1278 1976 87.
1299 1931 1498 1984 capturas
1543 1925 1563 1976 53]

155 2030 298 2070 autem
332 2019 529 2064 difficiles
563 2018 605 2056 et
636 2008 900 2067 periculosas
933 2005 976 2043 et
1008 1993 1312 2052 amplitudines
1344 1986 1502 2043 pretio·
1543 1971 1555 2019 3¹:

128 1265 346 1320 cupientes
368 1257 482 1299 enim
513 1268 565 1295 ue

915 2180 935 2211 5
959 2184 1027 2208 nec
1057 2167 1252 2214 stipendiis
1282 2160 1435 2205 V²Pb9a
1457 2167 1505 2192 ne
1556 2107 1566 2206 i

940 2224 980 2253 10
1004 2216 1143 2252 lumine
1169 2213 1235 2256 bya
1259 2206 1410 2242 flumine
1439 2201 1508 2237 VP
1557 2209 1572 2260 ι

1032 2262 1067 2296 A
1091 2259 1224 2294 cobum
1246 2253 1313 2289 VP
1337 2247 1458 2285 collon
1474 2245 1509 2280 G
1564 2267 1567 2274 .

250 2202 271 2232 4
303 2195 450 2230 calones
482 2191 549 2234 baa
580 2187 720 2221 colores
758 2181 823 2215 VP

163 2239 421 2288 est(p>cndiis
451 2235 492 2268 V·
588 2237 604 2266 7
632 2231 757 2273 iugam
790 2224 854 2258 VP

167 2294 206 2324 15
230 2286 354 2322 Indiae
384 2282 450 2317 Vl>
477 2279 619 2313 Indiam
647 2276 732 2318 rhya
807 2273 852 2304 ⁶30
877 2266 1015 2301 coitum

165 2339 207 2370 26
233 2331 319 2366 oriri
347 2328 379 2364 G
406 2326 458 2361 ori
490 2323 556 2358 1³1²
