1614 2549
92 425 108 450 5

73 720 107 746 10

73 1013 106 1038 15

71 1307 105 1332 20

69 1600 104 1626 25

71 1894 105 1919 30

422 82 759 119 CONSTANTIVS
782 81 844 116 ET
867 81 1099 117 IVLIANVS
1123 85 1189 116 359
1397 81 1478 124 185

130 178 293 219 sinibus
324 183 465 219 terrae
486 190 686 230 emersos,
717 175 791 217 sed
824 175 1074 217 exuberanti
1103 176 1359 229 pernicitate
1391 190 1477 217 cre-

130 236 268 278 dimus
299 238 437 289 natos,
477 236 549 289 qui
581 235 783 289 quoniam
821 235 984 289 inopini
1022 249 1099 289 per
1128 235 1251 276 uaria
1284 234 1476 275 uiseban-

127 298 210 348 tur,
242 296 431 349 σπαρτοί
445 294 626 335 uocitati
644 293 774 334 humo
796 294 1010 347 exiluisse,
1029 295 1246 335 uetustate
1266 295 1314 334 ut
1335 295 1477 334 cetera

126 353 366 394 fabulosius
399 353 644 405 extollente,
676 355 776 393 sunt
808 352 1039 393 aestimati.
1103 352 1167 393 12.
1194 352 1275 393 hoc
1307 351 1478 406 conciti,

129 425 224 453 cum
256 426 381 453 omne
419 412 506 453 iam
538 414 650 452 esset
687 412 732 452 in
765 411 984 452 celeritate
1018 411 1169 452 salutis
1202 411 1476 465 praesidium,

126 485 202 524 per
222 471 396 512 dumeta
428 474 471 511 et
502 470 634 511 siluas
667 472 833 510 montes
865 469 1052 523 petimus
1085 469 1288 510 celsiores
1311 470 1476 510 exinde-

129 543 209 583 que
247 529 491 570 Melitinam
529 528 708 570 minoris
750 528 981 569 Armeniae
1027 528 1230 582 oppidum
1268 528 1478 582 uenimus,

126 588 202 629 ubi
238 590 456 642 repertum
494 587 643 628 ducem
682 588 1019 641 comitatumque
1059 587 1144 628 iam
1184 586 1477 640 profecturum

126 646 405 688 Antiochiam
435 646 675 687 reuisimus.

245 704 290 746 9.
326 707 361 746 1.
392 705 560 746 Interea
600 704 736 759 Sapor
768 708 811 745 et
847 705 1002 746 Persae
1041 704 1141 759 quia
1170 704 1346 746 tendere
1389 704 1477 746 iam

126 763 339 805 introrsus
360 767 563 805 autumno
584 763 810 818 praecipiti
829 763 1146 818 haedorumque
1168 763 1305 805 sidere
1327 766 1476 804 exorto

125 822 485 877 prohibebantur,
530 823 724 877 captiuos
764 825 941 876 agentes
981 826 1023 863 et
1065 823 1246 876 praedas
1284 836 1476 863 remeare

126 881 380 935 cogitabant
412 882 465 922 ad
497 897 584 923 sua.
646 882 684 922 2.
718 881 830 922 inter
867 881 972 922 haec
1010 885 1157 922 tamen
1188 881 1339 922 funera
1370 881 1477 922 dire-

126 940 379 994 ptionesque
412 940 602 982 ciuitatis
635 939 801 980 excisae
820 939 1003 981 Aeliano
1026 940 1182 981 comite
1204 943 1246 981 et
1277 939 1478 994 tribunis,

128 1012 310 1052 quorum
342 999 533 1040 efficacia
571 999 642 1039 diu
675 997 849 1039 defensa
888 1001 987 1039 sunt
1019 999 1190 1040 moenia
1223 1002 1476 1053 stragesque

124 1057 439 1111 multiplicatae
472 1057 714 1110 Persarum,
752 1057 962 1110 patibulis
996 1058 1176 1099 sceleste
1215 1057 1381 1099 suffixis
1413 1057 1477 1099 Ia-

124 1116 255 1156 cobus
289 1119 332 1157 et
352 1115 528 1157 Caesius
560 1116 794 1157 numerarii
826 1117 1111 1170 apparitionis
1144 1116 1343 1171 magistri
1362 1116 1477 1171 equi-

123 1177 217 1215 tum
261 1175 420 1229 aliique
465 1178 732 1228 protectores
776 1178 876 1228 post
919 1178 1044 1229 terga
1080 1175 1238 1216 uinctis
1276 1176 1476 1217 manibus

124 1233 401 1287 ducebantur,
434 1233 811 1288 Transtigritanis,
845 1234 916 1288 qui
950 1234 1137 1275 sollicita
1159 1234 1476 1288 quaerebantur

125 1291 351 1347 industria,
381 1292 501 1333 nullo
540 1292 677 1333 infimi
710 1293 949 1347 summique
982 1293 1228 1334 discrimine
1261 1293 1314 1335 ad
1345 1308 1477 1335 unum

125 1351 323 1392 omnibus
356 1352 659 1393 contruncatiS.

243 1410 281 1450 3.
313 1409 434 1451 onr
478 1424 579 1451 uero
619 1409 846 1464 Craugasii
892 1425 999 1465 quae
1043 1411 1232 1452 retinens
1270 1411 1477 1465 pudorem

124 1468 381 1509 inuiolatum
424 1472 473 1510 ut
516 1472 714 1510 matrona
756 1469 917 1510 nobilis
964 1469 1205 1523 colebatur,
1256 1470 1477 1511 maerebat

123 1526 244 1568 uelut
276 1527 425 1568 orbem
458 1528 591 1569 alium
625 1528 715 1569 sine
735 1527 893 1569 marito
913 1529 1072 1582 uisura,
1093 1543 1353 1583 quamquam
1386 1543 1476 1583 spe-

123 1585 250 1627 rabat
282 1586 548 1627 documentis
581 1587 881 1641 praesentibus
915 1587 1085 1628 altiora.
1140 1588 1179 1628 4.
1199 1587 1244 1628 in
1275 1602 1367 1628 rem
1398 1587 1478 1628 ita-

124 1658 204 1698 que
237 1645 463 1686 consulens
504 1660 625 1686 suam
657 1649 700 1686 et
731 1646 968 1687 accidentia
1005 1647 1135 1700 longe
1175 1648 1274 1687 ante
1313 1646 1476 1700 prospi-

124 1703 238 1744 ciens
260 1704 475 1745 anxietate
495 1704 652 1745 bifaria
672 1704 966 1759 stringebatur
985 1705 1241 1746 uiduitatem
1255 1705 1475 1746 detestans

123 1763 166 1802 et
184 1762 371 1815 nuptias.
414 1762 509 1804 ideo
536 1762 795 1804 familiarem
816 1779 938 1805 suum
958 1779 1165 1818 perquam
1184 1763 1317 1804 fidum
1336 1764 1476 1818 regio-

122 1835 307 1875 numque
351 1820 692 1876 Mesopotamiae
737 1835 919 1876 gnarum
962 1838 1037 1876 per
1078 1822 1239 1864 Izalam
1284 1825 1476 1864 montem

126 1879 238 1920 inter
270 1880 449 1921 castella
480 1880 762 1934 praesidiaria
793 1881 874 1922 duo
895 1881 1059 1923 Maride
1093 1884 1136 1922 et
1154 1881 1294 1922 Lorne
1327 1881 1476 1922 introi-

214 2015 231 2045 1
258 2011 398 2046 sinibus
414 2012 447 2045 G
461 2011 595 2046 finibus
614 2011 728 2047 VPba
776 2014 822 2047 *3
836 2014 962 2057 sparto
985 2012 1052 2047 VP
1076 2013 1120 2046 ut
1143 2014 1269 2047 cetera
1284 2013 1317 2049 G
1330 2013 1474 2048 uiatere

126 2054 195 2090 VP
219 2056 416 2090 materiem
441 2056 632 2101 Kiessliny
706 2062 728 2091 4
746 2061 829 2101 post
855 2058 925 2092 hoc
951 2058 1059 2092 addit
1084 2057 1183 2092 malo
1210 2058 1244 2092 G
1325 2062 1345 2092 6
1369 2068 1474 2092 mon-

123 2104 178 2135 tes
206 2100 276 2134 GA
299 2100 338 2134 in
362 2102 509 2136 montes
539 2102 628 2136 VPb
720 2106 742 2137 8
765 2102 831 2136 ubi
847 2103 958 2147 uulyo
983 2113 1049 2136 uos
1072 2102 1185 2136 Vnos
1203 2103 1272 2147 bya
1353 2102 1473 2137 Comi-

120 2146 279 2189 tatuque
303 2145 339 2178 A
365 2146 533 2180 comitati
560 2147 594 2180 G
619 2148 870 2191 comitateque
900 2147 989 2182 VPb
1058 2152 1100 2182 10
1125 2147 1274 2183 Interea
1299 2146 1416 2192 Sapor
1441 2147 1476 2181 G

120 2190 195 2224 iam
234 2189 440 2233 imperator
468 2190 582 2226 VPba
615 2191 681 2234 (im
705 2202 887 2236 suprascr.
917 2192 963 2233 V)
1058 2196 1098 2226 11
1131 2194 1311 2227 autumno
1345 2192 1378 2227 G
1410 2192 1476 2226 aut

119 2245 195 2269 non
237 2234 307 2268 VP
342 2244 409 2270 om.
447 2236 491 2270 ba
593 2236 873 2281 hoedorumque
905 2237 1025 2272 sidere
1059 2237 1093 2272 G
1122 2237 1329 2272 haedorum
1361 2247 1474 2281 quem

146 2290 187 2314 ro
213 2278 333 2314 sidere
364 2280 432 2315 VP
526 2284 566 2315 16
591 2281 746 2316 sceleste
774 2281 808 2316 G
830 2282 944 2316 lestes
973 2282 1086 2317 VPba
1183 2282 1324 2316 suffixis
1363 2283 1397 2317 G
1432 2283 1476 2315 ut

147 2335 217 2358 xus
246 2324 281 2358 V
370 2328 412 2360 20
437 2326 645 2370 summique
673 2325 706 2360 G
732 2337 887 2371 sumque
911 2326 979 2362 VP
997 2328 1150 2371 sineque
1175 2328 1242 2362 rba
1334 2331 1377 2362 29
1401 2327 1473 2360 iza-

119 2368 195 2403 lam
219 2369 323 2403 codd.
338 2369 499 2414 Zagrum
523 2371 590 2415 bya
