1614 2549
112 454 128 479 5

94 748 128 773 10

96 1334 130 1358 20

97 1919 132 1944 30

651 112 883 147 IVLIANVS
908 116 973 148 363
1402 114 1485 156 323

145 208 269 245 zonte
303 203 556 246 Carmaniae
587 207 885 259 promuntorio
918 209 1067 248 contra
1099 207 1345 260 oppositum
1377 207 1494 248 aliud

145 264 504 317 promuntorium,
537 264 649 318 quod
682 265 904 319 appellant
936 265 1100 306 incolae
1120 264 1276 319 Maces,
1310 265 1401 306 sine
1432 267 1494 307 in·

144 320 390 375 pedimento
430 326 637 364 cernatur.
709 324 773 364 11.
812 323 968 378 quibus
1008 324 1222 377 angustiis
1259 324 1493 378 permeatis

147 394 243 420 cum
275 379 459 421 latitudo
490 382 681 434 patuerit
710 382 840 423 nimis
874 386 1058 436 extensa,
1089 383 1312 436 nauigatio
1345 383 1397 423 ad
1428 398 1494 424 us-

150 452 230 492 que
250 438 402 479 urbem
423 439 645 481 Teredona
674 440 923 494 porrigitur,
955 441 1030 481 ubi
1049 443 1148 494 post
1180 441 1368 482 iacturas
1388 441 1496 482 mul-

146 496 317 550 tiplices
361 498 517 552 pelago
559 499 764 539 misentur
806 498 1064 552 Euphrates,
1108 499 1330 553 omnisque
1375 499 1494 541 sinus

148 555 413 597 dimensione
445 556 601 597 litorea
632 557 677 597 in
714 571 932 598 iumerum
959 557 1117 611 uiginti
1137 557 1307 599 milium
1339 558 1496 599 stadio-

146 628 243 654 rum
287 614 408 655 uelut
453 615 593 668 spatio
637 615 862 657 detornato
907 615 1071 669 finitur,
1115 617 1233 657 cuius
1276 631 1353 670 per
1397 631 1496 658 oras

148 686 294 713 omnes
329 673 584 726 oppidorum
617 678 682 715 est
714 674 903 715 densitas
936 678 979 715 et
1011 675 1205 716 uicorum
1233 675 1495 729 nauiumque

149 730 289 771 crebri
326 731 555 773 discursus.
622 733 686 773 152.
724 746 826 787 ergo
864 733 1098 786 permeatis
1137 733 1351 787 angustiis
1396 737 1495 774 ante

147 788 273 830 dictis
315 790 484 831 uenitur
522 791 574 831 ad
607 789 860 832 Carmaniae
905 791 1046 832 sinum
1086 791 1242 832 orienti
1280 791 1497 833 obiectum

146 847 390 889 interuallo.
453 847 685 890 Cantichus
705 850 878 891 nomine
908 850 1110 903 panditur
1143 850 1259 890 sinus
1281 850 1496 891 australis.

146 905 254 947 haut
285 907 436 960 procul
469 907 566 948 inde
594 907 717 962 alius,
750 922 876 962 quem
896 911 1055 949 uocant
1075 906 1287 961 Chaliten,
1320 908 1495 949 occiduo

149 964 359 1006 obnoxius
393 965 534 1006 sideri.
594 965 693 1007 hinc
725 966 996 1019 praestrictis
1034 966 1230 1021 pluribus
1269 967 1435 1021 insulis,
1474 981 1496 1007 e

113 1041 128 1066 5
150 1023 304 1076 quibus
344 1038 505 1077 paucae
545 1028 644 1065 sunt
680 1028 821 1077 notae,
863 1024 1067 1066 Indorum
1105 1025 1216 1066 mari
1259 1026 1498 1079 iunguntur

149 1095 324 1136 oceano,
364 1082 438 1136 qui
468 1082 707 1124 sementem
740 1083 842 1124 solis
877 1086 1071 1124 exortum
1104 1083 1283 1137 suscipit
1303 1084 1497 1125 omnium

148 1140 313 1193 primus
352 1141 443 1194 ipse
483 1156 650 1196 quoque
688 1142 871 1183 nimium
910 1142 1065 1183 calens.
1131 1142 1196 1183 13.
1228 1145 1361 1196 utque
1399 1156 1498 1196 geo-

150 1198 345 1252 graphici
377 1199 469 1240 stili
500 1200 753 1255 formarunt,
783 1200 865 1241 hac
898 1201 1036 1254 specie
1057 1200 1338 1254 distinguitur
1357 1201 1496 1242 omnis

150 1257 354 1298 circuitus
401 1260 498 1298 ante
544 1258 694 1299 dictus.
769 1259 822 1299 ab
867 1262 1012 1300 arctoo
1058 1259 1227 1300 cardine
1271 1273 1405 1313 usque
1444 1259 1498 1301 ad

150 1314 328 1369 Caspias
360 1319 508 1370 portas
529 1315 724 1358 Cadusiis
746 1318 1031 1359 conterminat
1050 1321 1093 1358 et
1114 1316 1372 1372 Scytharum
1399 1331 1499 1372 gen-

148 1374 265 1415 tibus
304 1375 455 1416 multis
497 1379 539 1416 et
570 1375 815 1429 Arimaspis
853 1375 1101 1417 hominibus
1138 1376 1269 1417 luscis
1303 1379 1346 1417 et
1381 1375 1498 1418 feris.

150 1432 203 1473 ab
237 1433 413 1474 occidua
443 1433 574 1487 plaga
613 1435 826 1489 contingit
857 1434 1087 1476 Armenios
1128 1437 1170 1475 et
1199 1433 1424 1488 Niphaten
1454 1438 1498 1476 et

149 1491 194 1531 in
226 1490 334 1532 Asia
367 1492 473 1533 sitos
506 1492 713 1546 Albanos,
745 1507 862 1534 mare
894 1493 1073 1534 rubrum
1106 1496 1148 1534 et
1175 1492 1368 1534 Scenitas
1392 1494 1499 1534 Ara-

148 1549 238 1603 bas,
271 1564 376 1604 quos
410 1549 643 1592 Saracenos
675 1551 907 1605 posteritas
940 1551 1198 1605 appellauit:
1257 1551 1500 1605 Mesopota-

113 1627 130 1651 5
149 1608 284 1650 miam
328 1608 407 1650 sub
447 1623 523 1650 axe
561 1610 775 1651 meridiali
801 1610 1044 1663 despectat:
1107 1610 1263 1651 orienti
1296 1625 1320 1650 a
1356 1609 1498 1651 fronte

151 1667 390 1708 contrarius
430 1668 483 1708 ad
515 1666 694 1722 Gangen
732 1668 975 1709 extenditur
1012 1668 1187 1722 flumen,
1226 1669 1338 1722 quod
1375 1668 1500 1710 Indo-

149 1740 246 1766 rum
285 1725 548 1767 intersecans
586 1729 722 1768 terras
761 1727 806 1767 in
842 1727 1023 1781 pelagus
1057 1727 1265 1768 eiectatur
1297 1727 1499 1768 australe.

273 1785 338 1825 14.
384 1783 494 1825 Sunt
537 1788 680 1825 autem
724 1786 769 1826 in
813 1785 930 1826 omni
966 1785 1141 1826 Perside
1182 1785 1262 1826 hae
1300 1786 1498 1839 regiones

150 1842 381 1896 maximae,
445 1857 549 1896 quas
606 1842 791 1884 Vitaxae
846 1844 888 1884 id
939 1846 1004 1884 est
1053 1844 1253 1897 magistri
1304 1844 1497 1897 equitum

152 1904 316 1955 curant,
337 1905 379 1942 et
399 1915 522 1955 reges
556 1904 597 1942 et
631 1905 829 1956 satrapae
862 1926 917 1930 —
948 1916 1051 1943 nam
1070 1902 1256 1943 minores
1287 1902 1497 1956 plurimas

150 1973 370 2001 recensere
402 1959 577 2000 difficile
611 1964 676 2001 est
717 1963 760 2001 et
801 1960 1064 2014 superfluum
1096 1984 1151 1989 —
1183 1959 1382 2014 Assyria,
1422 1959 1498 2002 Su-

152 2017 289 2072 siana,
342 2014 509 2072 Media,
570 2018 733 2072 Persis,
794 2018 991 2073 Parthia,
1053 2017 1282 2060 Carmania
1343 2019 1500 2074 maior,

240 2171 261 2200 4
281 2170 365 2209 post
405 2168 559 2201 extensa
599 2167 685 2203 aad.
723 2178 797 2211 qua
837 2167 949 2202 VPba
985 2178 1051 2202 om.
1086 2168 1119 2201 G
1213 2173 1253 2202 11
1280 2168 1496 2203 Carmaniae

152 2212 284 2253 scripsi
308 2211 496 2246 armeniae
522 2211 624 2246 codd.
677 2215 717 2246 12
743 2211 943 2247 Cantichus
972 2212 1040 2247 VG
1065 2212 1263 2247 Cataom‘us
1288 2214 1332 2248 ba
1379 2218 1420 2248 19
1437 2225 1497 2247 us—

153 2266 225 2299 que
251 2255 297 2290 ad
327 2255 372 2289 V¹
398 2256 563 2299 adusque
594 2255 746 2301 V²Pb9a
822 2260 861 2290 21
887 2257 1100 2291 hominibus
1128 2257 1162 2291 G
1186 2258 1356 2292 omnibus
1386 2258 1499 2293 VPba

150 2300 263 2334 luscis
290 2300 324 2334 G
347 2300 441 2334 lucis
471 2301 584 2335 VPba
677 2305 719 2336 23
745 2301 834 2335 sitos
864 2301 968 2336 VGA
998 2312 1065 2338 om.
1089 2303 1148 2337 Pb
1239 2307 1281 2337 30
1312 2313 1398 2336 nam
1428 2303 1497 2336 mi-

152 2355 261 2379 nores
284 2363 326 2368 —
353 2350 394 2380 31
422 2345 572 2389 Assyria
595 2354 664 2383 om.
691 2346 710 2380 b
808 2350 850 2381 32
875 2346 962 2388 fort.
988 2347 1220 2382 inserendum
1246 2347 1384 2382 Arabia
1407 2347 1497 2382 felix

154 2389 248 2432 (coll.
272 2388 298 2434 §⁴
322 2392 365 2424 45
390 2393 423 2424 ct
447 2390 598 2425 Ptolem.
624 2393 658 2433 6,
683 2392 718 2434 1)
743 2401 809 2425 om⁴
838 2391 940 2426 codd.

1214 2449 1285 2484 21*
