1573 2508
181 159 185 162 .
220 135 270 162 ''a'‘
294 135 318 150 ⁷⁴
451 141 474 164 ’ᾗ
501 120 594 156 ιιῑ
664 143 735 166 ·“<⁴e
761 142 805 152 ν’
837 138 862 146 ⁷⁸
923 159 925 161 ·
1143 143 1156 152 ⁷'

135 191 346 243 pflm'
360 191 407 231 et
423 187 599 243 agiliter
622 189 857 242 praeterito
878 187 1111 243 Calycadni
1132 187 1320 230 fluminis
1338 191 1486 244 ponte,

136 247 254 289 cuius
293 247 500 288 undarum
538 246 791 301 magnitudo
823 261 1042 288 murorum
1074 246 1211 288 adluit
1248 249 1399 302 turres,
1436 247 1483 289 in

136 306 321 359 speciem
356 305 549 346 locauere
581 305 811 359 pugnandi.
860 319 997 360 neque
1029 308 1175 346 tamen
1199 305 1350 348 exiluit
1369 305 1482 360 quis·

135 378 263 417 quam
295 377 372 405 nec
402 363 638 417 permissus
658 367 724 405 est
755 363 968 418 congredi.
1018 363 1331 405 formidabatur
1366 363 1480 406 enim

134 423 322 475 flagrans
355 423 531 463 uesania
562 437 713 463 manus
746 426 788 463 et
821 422 1013 475 superior
1044 436 1220 464 numero
1241 425 1285 463 et
1311 422 1514 465 ruituras

135 479 226 520 sine
248 483 443 533 respectu
464 481 616 522 salutis
638 481 681 521 in
700 480 872 522 ferrum.
926 481 990 521 16.
1011 481 1104 521 uiso
1124 480 1269 535 itaque
1290 480 1482 523 exercitu

131 538 279 591 procul
313 538 542 593 auditoque
576 538 790 580 liticinum
822 543 962 591 cantu,
1000 553 1194 592 represso
1234 538 1371 593 gradu
1406 553 1479 594 pa-

132 610 303 650 rumper
323 600 480 638 stetere
502 597 736 650 praedones
752 601 1078 651 exertantesque
1100 597 1288 638 minaces
1309 597 1478 651 gladios

132 658 283 707 postea
303 654 459 695 lentius
482 655 746 696 incedebant.
782 656 846 696 17.
863 655 1017 709 quibus
1033 669 1252 696 occurrere
1266 656 1373 697 bene
1388 669 1479 710 per·
1542 703 1543 717 χ

130 713 250 753 tinax
271 713 395 753 miles
416 713 640 767 explicatis
655 713 875 754 ordinibus
896 728 1054 767 parans
1074 713 1295 768 hastisque
1320 714 1478 755 feriens
1499 730 1513 754 ι
1541 726 1544 732 “

132 774 252 811 scuta
285 795 339 800 —
373 771 444 825 qui
477 771 650 812 habitus
683 772 791 812 iram
822 771 1106 826 pugnantium
1127 772 1316 814 concitat
1347 775 1390 813 et
1408 772 1479 814 do·
1536 765 1544 807 ,‘

130 828 265 870 lorem
299 854 353 858 —
387 830 603 883 proximos
643 830 728 870 iani
767 834 892 884 gestu
930 830 1132 871 terrebat.
1195 830 1267 871 sed
1306 832 1402 872 eum
1435 830 1479 872 in

130 890 347 928 certamen
385 888 586 928 alacriter
623 892 950 941 consurgentem
989 903 1242 930 reuocauere
1279 889 1477 931 ductores
1540 921 1545 958 Ι

129 946 214 986 rati
246 946 596 999 intempestiuum
627 961 781 1001 anceps
815 947 958 988 subire
984 951 1200 988 certamen
1236 961 1330 989 cum
1372 947 1479 989 haut
1539 963 1545 995 s

129 1003 257 1058 longe
286 1005 396 1045 mini
427 1004 649 1057 distarent,
681 1020 859 1059 quorum
891 1006 1030 1047 tutela
1062 1006 1269 1047 securitas
1307 1008 1478 1060 poterat
1498 1019 1543 1046 is

128 1062 173 1102 in
187 1062 324 1103 solido
340 1063 473 1103 locari
489 1067 750 1104 ciuictorum.
774 1064 838 1105 18.
854 1063 933 1105 hac
948 1064 1009 1105 ita
1025 1064 1302 1117 persuasione
1315 1064 1479 1107 reducti
1501 1102 1506 1106 .
1544 1108 1545 1112 ,

129 1120 242 1167 intra
284 1121 453 1162 moem'a
496 1121 731 1162 bellatores
776 1122 988 1163 obseratis
1033 1123 1218 1177 midique
1255 1125 1477 1176 portarum
1544 1113 1550 1151 l

129 1178 329 1232 aditibus,
360 1179 696 1233 propugnaculis
728 1180 986 1221 insistebant
1012 1183 1055 1222 et
1085 1181 1242 1234 pinnis,
1274 1184 1479 1236 congesta
1545 1156 1551 1214 Ι

127 1237 311 1291 undique
333 1252 437 1278 saxa
456 1238 627 1292 telaque
648 1238 855 1279 habentes
877 1239 921 1280 in
947 1242 1160 1293 promptu,
1185 1241 1232 1280 ut
1259 1239 1296 1281 si
1316 1240 1411 1294 quis
1432 1254 1476 1282 se
1545 1252 1552 1307 j

126 1296 409 1349 proripuisset
436 1296 628 1349 interius,
660 1297 934 1338 multitudine
955 1297 1185 1339 missilium
1217 1300 1478 1340 sterneretur
1497 1313 1547 1341 πο]

127 1357 170 1394 et
183 1354 386 1407 lapidum.
424 1355 487 1395 19.
508 1355 615 1396 illud
635 1358 782 1396 tamen
802 1356 968 1397 clausos
990 1356 1265 1398 uehementer
1288 1356 1478 1411 angebat

127 1412 238 1466 quod
253 1413 390 1466 captis
411 1413 611 1467 nauigiis,
627 1428 734 1468 quae
754 1415 970 1455 frumenta
990 1414 1206 1455 uehebant
1219 1429 1294 1469 per
1307 1414 1477 1469 flumen,

126 1469 265 1512 Isauri
298 1471 469 1525 quidem
490 1472 792 1513 alimentorum
819 1473 953 1526 copiis
975 1472 1231 1527 adfluebant,
1264 1473 1349 1528 ipsi
1373 1487 1475 1515 uero

126 1529 354 1570 solitarum
392 1544 534 1571 rerum
566 1531 683 1572 cibos
722 1531 808 1572 iam
853 1531 1138 1572 consumendo
1178 1531 1344 1574 inediae
1381 1546 1475 1586 pro-

125 1587 375 1642 pinquantis
390 1602 617 1630 aerumnas
633 1589 820 1630 exitialis
842 1589 1088 1631 horrebant.
1120 1590 1188 1631 20.
1204 1590 1310 1632 haec
1322 1590 1396 1632 ubi
1416 1590 1475 1632 la·
1494 1607 1510 1633 ε
1542 1590 1545 1601 '

124 1645 211 1686 tius
243 1646 359 1687 fama
380 1647 603 1701 uulgasset
623 1647 863 1702 missaeque
895 1648 1128 1689 relationes
1156 1648 1357 1690 adsiduae
1377 1648 1476 1690 Gal·
1539 1667 1544 1708 3

125 1703 215 1744 lum
236 1703 463 1746 Caesarem
484 1706 808 1759 permouissent,
830 1707 1031 1761 quoniam
1054 1707 1264 1761 magister
1283 1707 1475 1762 equitum

125 1761 297 1816 longius
324 1778 373 1804 ea
394 1766 651 1818 tempestate
681 1765 980 1818 distinebatur,
1014 1765 1151 1806 iussus
1178 1779 1319 1807 comes
1340 1765 1475 1807 orien-

124 1820 180 1861 tis
201 1820 433 1862 Nebridius
467 1823 700 1864 contractis
738 1823 922 1878 undique
956 1823 1216 1865 militaribus
1255 1824 1390 1878 copiis
1422 1824 1475 1866 ad

125 1878 392 1920 eximendam
424 1881 613 1933 periculo
647 1882 869 1923 ciuitatem
907 1882 1096 1935 amplam
1135 1885 1178 1923 et
1216 1884 1473 1937 oportunam
1491 1899 1539 1925 so,

125 1937 266 1977 studio
293 1939 554 1991 properabat
586 1939 762 1991 ingenti.
825 1954 907 1993 quo
941 1940 1114 1993 cognito
1140 1940 1384 1982 abscessere
1415 1940 1475 1982 la-

123 1998 269 2035 trones
302 1996 422 2037 nulla
454 2011 498 2037 re
532 1997 717 2050 amplius
742 1998 1012 2038 memorabili
1039 2002 1174 2052 gesta,
1206 1999 1474 2053 dispersique

124 2056 171 2093 ut
205 2053 345 2094 solent
378 2054 475 2095 auia
507 2055 717 2096 montium
750 2056 911 2109 petiere
945 2056 1166 2097 celsorum.

218 2194 230 2223 1
259 2189 478 2233 calydcanni
502 2191 567 2226 VI'
626 2196 644 2225 7
663 2192 846 2227 liticinum
864 2193 900 2227 A
917 2192 1110 2227 laticinum
1136 2193 1203 2229 VP
1225 2193 1412 2229 latronum
1428 2193 1474 2240 by

124 2237 164 2268 16
188 2233 301 2268 locari
326 2237 544 2270 cunctorum
569 2237 604 2270 Α
629 2235 792 2281 locat-uin
812 2238 1028 2272 cunctorum
1059 2237 1090 2270 V
1112 2237 1226 2273 locari
1255 2238 1473 2273 cunctorum

122 2277 293 2313 locarunt
323 2279 379 2313 Pr
404 2281 485 2314 loca
509 2282 643 2314 cuncta
667 2281 860 2316 conlocare
887 2281 920 2316 G
1012 2286 1056 2316 20
1108 2283 1305 2328 roripuisse
1335 2282 1421 2328 [lac.
1450 2287 1480 2318 8

122 2322 211 2366 mm
239 2323 354 2357 terius
380 2323 549 2365 (interius
579 2325 754 2360 Valesius.
842 2331 884 2361 24
909 2325 992 2361 cibo
1023 2293 1104 2362 VI·P
1157 2331 1201 2362 29
1225 2327 1420 2363 conti-actii
1441 2325 1480 2362 V

125 2366 334 2402 contractus
358 2368 415 2402 Pr
506 2373 548 2403 33
574 2371 702 2414 petere
765 2371 801 2404 P

1111 2475 1497 2508 -μ
