<?xml version="1.0" encoding="UTF-8"?>
<!DOCTYPE html PUBLIC "-//W3C//DTD XHTML 1.0 Transitional//EN"
    "http://www.w3.org/TR/xhtml1/DTD/xhtml1-transitional.dtd">
<html xmlns="http://www.w3.org/1999/xhtml" xml:lang="en" lang="en">
 <head>
  <title>
</title>
<meta http-equiv="Content-Type" content="text/html;charset=utf-8" />
  <meta name='ocr-system' content='tesseract 3.04.00' />
  <meta name='ocr-capabilities' content='ocr_page ocr_carea ocr_par ocr_line ocrx_word'/>
</head>
<body>
  <div class='ocr_page' id='page_1' title='image "./rerumgestarumlib01ammiuoft_0391.png"; bbox 0 0 1614 2549; ppageno 0'>
   <div class='ocr_carea' id='block_1_1' title="bbox 605 55 1446 99">
    <p class='ocr_par' dir='ltr' id='par_1_1' title="bbox 605 55 1446 99">
     <span class='ocr_line' id='line_1_1' title="bbox 605 55 1446 99; baseline 0.01 -8"><span class='ocrx_word' id='word_1_1' title='bbox 605 55 840 92; x_wconf 78' lang='lat' dir='ltr'><strong>IVLIANVS</strong></span> <span class='ocrx_word' id='word_1_2' title='bbox 865 60 932 92; x_wconf 79' lang='lat'>362</span> <span class='ocrx_word' id='word_1_3' title='bbox 1363 56 1446 99; x_wconf 86' lang='lat'>301</span> 
     </span>
    </p>
   </div>
   <div class='ocr_carea' id='block_1_2' title="bbox 0 151 1460 2091">
    <p class='ocr_par' dir='ltr' id='par_1_2' title="bbox 96 151 1449 382">
     <span class='ocr_line' id='line_1_2' title="bbox 214 151 1447 206; baseline 0 -13"><span class='ocrx_word' id='word_1_4' title='bbox 214 151 284 193; x_wconf 82' lang='lat'>25.</span> <span class='ocrx_word' id='word_1_5' title='bbox 315 151 435 193; x_wconf 88' lang='lat' dir='ltr'>Inter</span> <span class='ocrx_word' id='word_1_6' title='bbox 453 151 696 205; x_wconf 84' lang='lat' dir='ltr'>Aegyptias</span> <span class='ocrx_word' id='word_1_7' title='bbox 731 151 870 206; x_wconf 88' lang='lat' dir='ltr'>alites,</span> <span class='ocrx_word' id='word_1_8' title='bbox 903 166 1082 206; x_wconf 89' lang='lat' dir='ltr'>quarum</span> <span class='ocrx_word' id='word_1_9' title='bbox 1101 152 1292 193; x_wconf 89' lang='lat' dir='ltr'>uarietas</span> <span class='ocrx_word' id='word_1_10' title='bbox 1325 151 1447 193; x_wconf 93' lang='lat' dir='ltr'>nullo</span> 
     </span>
     <span class='ocr_line' id='line_1_3' title="bbox 96 209 1448 265; baseline 0 -13"><span class='ocrx_word' id='word_1_11' title='bbox 96 210 385 264; x_wconf 79' lang='lat' dir='ltr'>conprehendi</span> <span class='ocrx_word' id='word_1_12' title='bbox 416 224 595 251; x_wconf 86' lang='lat' dir='ltr'>numero</span> <span class='ocrx_word' id='word_1_13' title='bbox 626 213 786 265; x_wconf 88' lang='lat' dir='ltr'>potest,</span> <span class='ocrx_word' id='word_1_14' title='bbox 817 211 901 252; x_wconf 83' lang='lat' dir='ltr'>ibis</span> <span class='ocrx_word' id='word_1_15' title='bbox 935 225 1055 252; x_wconf 89' lang='lat' dir='ltr'>sacra</span> <span class='ocrx_word' id='word_1_16' title='bbox 1087 212 1154 252; x_wconf 89' lang='lat' dir='ltr'>est</span> <span class='ocrx_word' id='word_1_17' title='bbox 1185 213 1229 252; x_wconf 88' lang='lat' dir='ltr'>et</span> <span class='ocrx_word' id='word_1_18' title='bbox 1249 209 1448 252; x_wconf 88' lang='lat' dir='ltr'>amabilis</span> 
     </span>
     <span class='ocr_line' id='line_1_4' title="bbox 98 269 1449 324; baseline 0.001 -14"><span class='ocrx_word' id='word_1_19' title='bbox 98 272 142 311; x_wconf 89' lang='lat' dir='ltr'>et</span> <span class='ocrx_word' id='word_1_20' title='bbox 173 269 357 310; x_wconf 71' lang='lat' dir='ltr'>iimocua</span> <span class='ocrx_word' id='word_1_21' title='bbox 388 269 495 324; x_wconf 88' lang='lat' dir='ltr'>ideo,</span> <span class='ocrx_word' id='word_1_22' title='bbox 528 270 640 324; x_wconf 91' lang='lat' dir='ltr'>quod</span> <span class='ocrx_word' id='word_1_23' title='bbox 659 269 819 311; x_wconf 84' lang='lat' dir='ltr'>nidulis</span> <span class='ocrx_word' id='word_1_24' title='bbox 853 270 940 311; x_wconf 89' lang='lat' dir='ltr'>suis</span> <span class='ocrx_word' id='word_1_25' title='bbox 961 269 1013 311; x_wconf 90' lang='lat' dir='ltr'>ad</span> <span class='ocrx_word' id='word_1_26' title='bbox 1037 270 1180 311; x_wconf 92' lang='lat' dir='ltr'>cibum</span> <span class='ocrx_word' id='word_1_27' title='bbox 1213 282 1449 324; x_wconf 80' lang='lat' dir='ltr'>suggerens</span> 
     </span>
     <span class='ocr_line' id='line_1_5' title="bbox 96 327 1449 382; baseline -0.001 -12"><span class='ocrx_word' id='word_1_28' title='bbox 96 343 180 370; x_wconf 84' lang='lat' dir='ltr'>oua</span> <span class='ocrx_word' id='word_1_29' title='bbox 211 330 472 382; x_wconf 86' lang='lat' dir='ltr'>serpentum,</span> <span class='ocrx_word' id='word_1_30' title='bbox 513 327 646 370; x_wconf 90' lang='lat' dir='ltr'>efficit</span> <span class='ocrx_word' id='word_1_31' title='bbox 683 330 732 370; x_wconf 92' lang='lat' dir='ltr'>ut</span> <span class='ocrx_word' id='word_1_32' title='bbox 768 330 987 370; x_wconf 71' lang='lat' dir='ltr'>rarescant</span> <span class='ocrx_word' id='word_1_33' title='bbox 1018 328 1266 370; x_wconf 75' lang='lat' dir='ltr'>mortiferae</span> <span class='ocrx_word' id='word_1_34' title='bbox 1304 331 1449 382; x_wconf 88' lang='lat' dir='ltr'>pestes</span> 
     </span>
    </p>

    <p class='ocr_par' dir='ltr' id='par_1_3' title="bbox 41 387 1453 736">
     <span class='ocr_line' id='line_1_6' title="bbox 41 387 1450 441; baseline 0 -13"><span class='ocrx_word' id='word_1_35' title='bbox 41 403 59 436; x_wconf 80' lang='lat'><strong>5</strong></span> <span class='ocrx_word' id='word_1_36' title='bbox 97 387 364 440; x_wconf 75' lang='lat' dir='ltr'>absumptae.</span> <span class='ocrx_word' id='word_1_37' title='bbox 426 387 495 428; x_wconf 79' lang='lat'>26.</span> <span class='ocrx_word' id='word_1_38' title='bbox 528 390 758 429; x_wconf 88' lang='lat' dir='ltr'>occurrunt</span> <span class='ocrx_word' id='word_1_39' title='bbox 803 387 974 429; x_wconf 90' lang='lat' dir='ltr'>eaedem</span> <span class='ocrx_word' id='word_1_40' title='bbox 1017 387 1214 429; x_wconf 87' lang='lat' dir='ltr'>uolucres</span> <span class='ocrx_word' id='word_1_41' title='bbox 1258 387 1450 441; x_wconf 75' lang='lat' dir='ltr'>pinnatis</span> 
     </span>
     <span class='ocr_line' id='line_1_7' title="bbox 96 445 1450 501; baseline 0 -14"><span class='ocrx_word' id='word_1_42' title='bbox 96 445 343 500; x_wconf 77' lang='lat' dir='ltr'>agminibus</span> <span class='ocrx_word' id='word_1_43' title='bbox 383 446 600 500; x_wconf 82' lang='lat' dir='ltr'>anguium,</span> <span class='ocrx_word' id='word_1_44' title='bbox 640 446 713 500; x_wconf 86' lang='lat' dir='ltr'>qui</span> <span class='ocrx_word' id='word_1_45' title='bbox 751 461 802 487; x_wconf 84' lang='lat' dir='ltr'>ex</span> <span class='ocrx_word' id='word_1_46' title='bbox 833 446 1034 487; x_wconf 76' lang='lat' dir='ltr'>Arabicis</span> <span class='ocrx_word' id='word_1_47' title='bbox 1068 449 1294 500; x_wconf 87' lang='lat' dir='ltr'>emergunt</span> <span class='ocrx_word' id='word_1_48' title='bbox 1330 446 1450 501; x_wconf 89' lang='lat' dir='ltr'>palu-</span> 
     </span>
     <span class='ocr_line' id='line_1_8' title="bbox 95 504 1450 560; baseline 0 -14"><span class='ocrx_word' id='word_1_49' title='bbox 95 505 220 546; x_wconf 89' lang='lat' dir='ltr'>dibus</span> <span class='ocrx_word' id='word_1_50' title='bbox 252 519 418 546; x_wconf 89' lang='lat' dir='ltr'>uenena</span> <span class='ocrx_word' id='word_1_51' title='bbox 458 505 763 559; x_wconf 73' lang='lat' dir='ltr'>malignantes,</span> <span class='ocrx_word' id='word_1_52' title='bbox 802 519 973 559; x_wconf 88' lang='lat' dir='ltr'>eosque,</span> <span class='ocrx_word' id='word_1_53' title='bbox 1018 507 1249 560; x_wconf 88' lang='lat' dir='ltr'>antequam</span> <span class='ocrx_word' id='word_1_54' title='bbox 1292 504 1450 546; x_wconf 89' lang='lat' dir='ltr'>finibus</span> 
     </span>
     <span class='ocr_line' id='line_1_9' title="bbox 97 563 1450 619; baseline 0 -14"><span class='ocrx_word' id='word_1_55' title='bbox 97 563 186 606; x_wconf 90' lang='lat' dir='ltr'>suis</span> <span class='ocrx_word' id='word_1_56' title='bbox 227 563 446 618; x_wconf 82' lang='lat' dir='ltr'>excedunt,</span> <span class='ocrx_word' id='word_1_57' title='bbox 489 564 667 617; x_wconf 88' lang='lat' dir='ltr'>proeliis</span> <span class='ocrx_word' id='word_1_58' title='bbox 707 566 932 618; x_wconf 90' lang='lat' dir='ltr'>superatos</span> <span class='ocrx_word' id='word_1_59' title='bbox 971 564 1099 605; x_wconf 88' lang='lat' dir='ltr'>aeriis</span> <span class='ocrx_word' id='word_1_60' title='bbox 1137 567 1305 618; x_wconf 85' lang='lat' dir='ltr'>uorant,</span> <span class='ocrx_word' id='word_1_61' title='bbox 1344 578 1450 619; x_wconf 86' lang='lat' dir='ltr'>quas</span> 
     </span>
     <span class='ocr_line' id='line_1_10' title="bbox 97 622 1450 677; baseline 0.001 -14"><span class='ocrx_word' id='word_1_62' title='bbox 97 637 198 664; x_wconf 87' lang='lat' dir='ltr'>aues</span> <span class='ocrx_word' id='word_1_63' title='bbox 230 636 307 676; x_wconf 89' lang='lat' dir='ltr'>per</span> <span class='ocrx_word' id='word_1_64' title='bbox 337 625 481 664; x_wconf 88' lang='lat' dir='ltr'>rostra</span> <span class='ocrx_word' id='word_1_65' title='bbox 513 622 635 665; x_wconf 90' lang='lat' dir='ltr'>edere</span> <span class='ocrx_word' id='word_1_66' title='bbox 667 622 780 664; x_wconf 83' lang='lat' dir='ltr'>fetus</span> <span class='ocrx_word' id='word_1_67' title='bbox 814 623 1066 676; x_wconf 90' lang='lat' dir='ltr'>accepimus.</span> <span class='ocrx_word' id='word_1_68' title='bbox 1128 623 1197 664; x_wconf 76' lang='lat'>27.</span> <span class='ocrx_word' id='word_1_69' title='bbox 1230 625 1450 677; x_wconf 87' lang='lat' dir='ltr'>serpentes</span> 
     </span>
     <span class='ocr_line' id='line_1_11' title="bbox 42 680 1453 736; baseline -0.001 -12"><span class='ocrx_word' id='word_1_70' title='bbox 42 699 75 724; x_wconf 88' lang='lat'>10</span> <span class='ocrx_word' id='word_1_71' title='bbox 98 695 266 736; x_wconf 89' lang='lat' dir='ltr'>quoque</span> <span class='ocrx_word' id='word_1_72' title='bbox 299 680 527 736; x_wconf 85' lang='lat' dir='ltr'>Aegyptus</span> <span class='ocrx_word' id='word_1_73' title='bbox 562 682 642 723; x_wconf 90' lang='lat' dir='ltr'>alit</span> <span class='ocrx_word' id='word_1_74' title='bbox 672 682 931 736; x_wconf 87' lang='lat' dir='ltr'>innumeras,</span> <span class='ocrx_word' id='word_1_75' title='bbox 962 682 1080 724; x_wconf 89' lang='lat' dir='ltr'>ultra</span> <span class='ocrx_word' id='word_1_76' title='bbox 1112 696 1283 724; x_wconf 90' lang='lat' dir='ltr'>omnem</span> <span class='ocrx_word' id='word_1_77' title='bbox 1314 682 1453 736; x_wconf 88' lang='lat' dir='ltr'>perni-</span> 
     </span>
    </p>

    <p class='ocr_par' dir='ltr' id='par_1_4' title="bbox 0 740 1455 972">
     <span class='ocr_line' id='line_1_12' title="bbox 0 740 1453 795; baseline 0.001 -14"><span class='ocrx_word' id='word_1_78' title='bbox 0 744 1 747; x_wconf 75' lang='grc'>’</span> <span class='ocrx_word' id='word_1_79' title='bbox 97 740 205 781; x_wconf 91' lang='lat' dir='ltr'>ciem</span> <span class='ocrx_word' id='word_1_80' title='bbox 239 740 505 782; x_wconf 90' lang='lat' dir='ltr'>saeuientes:</span> <span class='ocrx_word' id='word_1_81' title='bbox 550 741 777 782; x_wconf 78' lang='lat' dir='ltr'>basiliscos</span> <span class='ocrx_word' id='word_1_82' title='bbox 817 744 859 782; x_wconf 89' lang='lat' dir='ltr'>et</span> <span class='ocrx_word' id='word_1_83' title='bbox 905 741 1235 795; x_wconf 86' lang='lat' dir='ltr'>amphisbaenas</span> <span class='ocrx_word' id='word_1_84' title='bbox 1274 743 1317 782; x_wconf 88' lang='lat' dir='ltr'>et</span> <span class='ocrx_word' id='word_1_85' title='bbox 1362 755 1453 795; x_wconf 89' lang='lat' dir='ltr'>scy-</span> 
     </span>
     <span class='ocr_line' id='line_1_13' title="bbox 94 799 1455 854; baseline 0.001 -14"><span class='ocrx_word' id='word_1_86' title='bbox 94 799 211 840; x_wconf 90' lang='lat' dir='ltr'>talas</span> <span class='ocrx_word' id='word_1_87' title='bbox 245 802 287 840; x_wconf 91' lang='lat' dir='ltr'>et</span> <span class='ocrx_word' id='word_1_88' title='bbox 320 800 514 841; x_wconf 79' lang='lat' dir='ltr'>acontias</span> <span class='ocrx_word' id='word_1_89' title='bbox 548 803 591 841; x_wconf 89' lang='lat' dir='ltr'>et</span> <span class='ocrx_word' id='word_1_90' title='bbox 623 799 823 854; x_wconf 88' lang='lat' dir='ltr'>dipsadas</span> <span class='ocrx_word' id='word_1_91' title='bbox 858 802 900 841; x_wconf 91' lang='lat' dir='ltr'>et</span> <span class='ocrx_word' id='word_1_92' title='bbox 931 800 1102 854; x_wconf 88' lang='lat' dir='ltr'>uiperas</span> <span class='ocrx_word' id='word_1_93' title='bbox 1136 800 1329 854; x_wconf 88' lang='lat' dir='ltr'>aliasque</span> <span class='ocrx_word' id='word_1_94' title='bbox 1357 814 1455 841; x_wconf 88' lang='lat' dir='ltr'>con-</span> 
     </span>
     <span class='ocr_line' id='line_1_14' title="bbox 95 857 1453 913; baseline -0.001 -14"><span class='ocrx_word' id='word_1_95' title='bbox 95 858 255 912; x_wconf 89' lang='lat' dir='ltr'>plures,</span> <span class='ocrx_word' id='word_1_96' title='bbox 283 873 388 913; x_wconf 88' lang='lat' dir='ltr'>quas</span> <span class='ocrx_word' id='word_1_97' title='bbox 422 873 569 900; x_wconf 87' lang='lat' dir='ltr'>omnes</span> <span class='ocrx_word' id='word_1_98' title='bbox 603 859 899 913; x_wconf 81' lang='lat' dir='ltr'>magnitudine</span> <span class='ocrx_word' id='word_1_99' title='bbox 933 861 974 899; x_wconf 92' lang='lat' dir='ltr'>et</span> <span class='ocrx_word' id='word_1_100' title='bbox 1004 859 1155 900; x_wconf 91' lang='lat' dir='ltr'>decore</span> <span class='ocrx_word' id='word_1_101' title='bbox 1178 858 1294 912; x_wconf 88' lang='lat' dir='ltr'>aspis</span> <span class='ocrx_word' id='word_1_102' title='bbox 1325 857 1453 900; x_wconf 86' lang='lat' dir='ltr'>facile</span> 
     </span>
     <span class='ocr_line' id='line_1_15' title="bbox 97 917 1453 972; baseline -0.001 -14"><span class='ocrx_word' id='word_1_103' title='bbox 97 917 438 972; x_wconf 82' lang='lat' dir='ltr'>supereminens,</span> <span class='ocrx_word' id='word_1_104' title='bbox 489 932 724 972; x_wconf 85' lang='lat' dir='ltr'>numquam</span> <span class='ocrx_word' id='word_1_105' title='bbox 769 920 920 972; x_wconf 90' lang='lat' dir='ltr'>sponte</span> <span class='ocrx_word' id='word_1_106' title='bbox 966 932 1042 959; x_wconf 90' lang='lat' dir='ltr'>sua</span> <span class='ocrx_word' id='word_1_107' title='bbox 1085 917 1247 958; x_wconf 87' lang='lat' dir='ltr'>fluenta</span> <span class='ocrx_word' id='word_1_108' title='bbox 1291 917 1453 971; x_wconf 87' lang='lat' dir='ltr'>egredi-</span> 
     </span>
    </p>

    <p class='ocr_par' dir='ltr' id='par_1_5' title="bbox 46 975 306 1019">
     <span class='ocr_line' id='line_1_16' title="bbox 46 975 306 1019; baseline -0.012 0"><span class='ocrx_word' id='word_1_109' title='bbox 46 993 79 1019; x_wconf 88' lang='lat'>15</span> <span class='ocrx_word' id='word_1_110' title='bbox 99 978 170 1017; x_wconf 88' lang='lat' dir='ltr'>tur</span> <span class='ocrx_word' id='word_1_111' title='bbox 200 975 306 1018; x_wconf 89' lang='lat' dir='ltr'>Nili.</span> 
     </span>
    </p>

    <p class='ocr_par' dir='ltr' id='par_1_6' title="bbox 98 1033 1457 1266">
     <span class='ocr_line' id='line_1_17' title="bbox 217 1033 1453 1089; baseline 0 -14"><span class='ocrx_word' id='word_1_112' title='bbox 217 1035 286 1076; x_wconf 80' lang='lat'>28.</span> <span class='ocrx_word' id='word_1_113' title='bbox 329 1033 471 1076; x_wconf 91' lang='lat' dir='ltr'>Multa</span> <span class='ocrx_word' id='word_1_114' title='bbox 508 1034 553 1075; x_wconf 92' lang='lat' dir='ltr'>in</span> <span class='ocrx_word' id='word_1_115' title='bbox 590 1035 678 1076; x_wconf 88' lang='lat' dir='ltr'>illis</span> <span class='ocrx_word' id='word_1_116' title='bbox 717 1035 928 1076; x_wconf 82' lang='lat' dir='ltr'>tractibus</span> <span class='ocrx_word' id='word_1_117' title='bbox 966 1035 1155 1089; x_wconf 85' lang='lat' dir='ltr'>pretium</span> <span class='ocrx_word' id='word_1_118' title='bbox 1193 1037 1260 1075; x_wconf 90' lang='lat' dir='ltr'>est</span> <span class='ocrx_word' id='word_1_119' title='bbox 1297 1048 1453 1088; x_wconf 89' lang='lat' dir='ltr'>operae</span> 
     </span>
     <span class='ocr_line' id='line_1_18' title="bbox 98 1093 1456 1148; baseline -0.001 -13"><span class='ocrx_word' id='word_1_120' title='bbox 98 1093 335 1135; x_wconf 87' lang='lat' dir='ltr'>maximum</span> <span class='ocrx_word' id='word_1_121' title='bbox 380 1108 563 1135; x_wconf 90' lang='lat' dir='ltr'>cernere.</span> <span class='ocrx_word' id='word_1_122' title='bbox 626 1109 647 1134; x_wconf 95' lang='lat' dir='ltr'>e</span> <span class='ocrx_word' id='word_1_123' title='bbox 686 1094 839 1148; x_wconf 88' lang='lat' dir='ltr'>quibus</span> <span class='ocrx_word' id='word_1_124' title='bbox 883 1108 1021 1147; x_wconf 88' lang='lat' dir='ltr'>pauca</span> <span class='ocrx_word' id='word_1_125' title='bbox 1058 1093 1285 1134; x_wconf 90' lang='lat' dir='ltr'>conueniet</span> <span class='ocrx_word' id='word_1_126' title='bbox 1323 1093 1456 1147; x_wconf 84' lang='lat' dir='ltr'>expli-</span> 
     </span>
     <span class='ocr_line' id='line_1_19' title="bbox 99 1152 1455 1207; baseline 0.001 -14"><span class='ocrx_word' id='word_1_127' title='bbox 99 1152 199 1194; x_wconf 83' lang='lat' dir='ltr'>cari.</span> <span class='ocrx_word' id='word_1_128' title='bbox 260 1152 425 1206; x_wconf 90' lang='lat' dir='ltr'>templa</span> <span class='ocrx_word' id='word_1_129' title='bbox 462 1153 620 1207; x_wconf 87' lang='lat' dir='ltr'>ubique</span> <span class='ocrx_word' id='word_1_130' title='bbox 659 1152 847 1194; x_wconf 89' lang='lat' dir='ltr'>molibus</span> <span class='ocrx_word' id='word_1_131' title='bbox 885 1153 1055 1206; x_wconf 89' lang='lat' dir='ltr'>magnis</span> <span class='ocrx_word' id='word_1_132' title='bbox 1095 1154 1324 1194; x_wconf 84' lang='lat' dir='ltr'>exstructa.</span> <span class='ocrx_word' id='word_1_133' title='bbox 1377 1166 1455 1206; x_wconf 73' lang='lat' dir='ltr'>py-</span> 
     </span>
     <span class='ocr_line' id='line_1_20' title="bbox 98 1211 1457 1266; baseline -0.001 -13"><span class='ocrx_word' id='word_1_134' title='bbox 98 1212 278 1253; x_wconf 68' lang='lat' dir='ltr'>moniales</span> <span class='ocrx_word' id='word_1_135' title='bbox 310 1211 361 1252; x_wconf 85' lang='lat' dir='ltr'>ad</span> <span class='ocrx_word' id='word_1_136' title='bbox 382 1212 590 1253; x_wconf 89' lang='lat' dir='ltr'>miracula</span> <span class='ocrx_word' id='word_1_137' title='bbox 623 1214 788 1266; x_wconf 87' lang='lat' dir='ltr'>septem</span> <span class='ocrx_word' id='word_1_138' title='bbox 819 1214 1063 1266; x_wconf 88' lang='lat' dir='ltr'>prouectae,</span> <span class='ocrx_word' id='word_1_139' title='bbox 1096 1226 1276 1266; x_wconf 88' lang='lat' dir='ltr'>quarum</span> <span class='ocrx_word' id='word_1_140' title='bbox 1296 1211 1457 1252; x_wconf 83' lang='lat' dir='ltr'>diutur-</span> 
     </span>
    </p>

    <p class='ocr_par' dir='ltr' id='par_1_7' title="bbox 47 1270 1458 1560">
     <span class='ocr_line' id='line_1_21' title="bbox 47 1270 1457 1324; baseline -0.001 -11"><span class='ocrx_word' id='word_1_141' title='bbox 47 1289 81 1314; x_wconf 80' lang='lat'>20</span> <span class='ocrx_word' id='word_1_142' title='bbox 100 1285 178 1311; x_wconf 91' lang='lat' dir='ltr'>nas</span> <span class='ocrx_word' id='word_1_143' title='bbox 224 1271 428 1324; x_wconf 84' lang='lat' dir='ltr'>surgendi</span> <span class='ocrx_word' id='word_1_144' title='bbox 472 1270 753 1312; x_wconf 86' lang='lat' dir='ltr'>difficultates</span> <span class='ocrx_word' id='word_1_145' title='bbox 800 1271 985 1324; x_wconf 88' lang='lat' dir='ltr'>scriptor</span> <span class='ocrx_word' id='word_1_146' title='bbox 1028 1270 1276 1312; x_wconf 88' lang='lat' dir='ltr'>Herodotus</span> <span class='ocrx_word' id='word_1_147' title='bbox 1321 1270 1457 1324; x_wconf 87' lang='lat' dir='ltr'>docet,</span> 
     </span>
     <span class='ocr_line' id='line_1_22' title="bbox 100 1329 1457 1384; baseline 0 -14"><span class='ocrx_word' id='word_1_148' title='bbox 100 1329 217 1371; x_wconf 88' lang='lat' dir='ltr'>ultra</span> <span class='ocrx_word' id='word_1_149' title='bbox 249 1344 420 1371; x_wconf 90' lang='lat' dir='ltr'>omnem</span> <span class='ocrx_word' id='word_1_150' title='bbox 453 1330 627 1371; x_wconf 90' lang='lat' dir='ltr'>omnino</span> <span class='ocrx_word' id='word_1_151' title='bbox 662 1330 948 1384; x_wconf 82' lang='lat' dir='ltr'>altitudinem,</span> <span class='ocrx_word' id='word_1_152' title='bbox 981 1344 1089 1383; x_wconf 84' lang='lat' dir='ltr'>quae</span> <span class='ocrx_word' id='word_1_153' title='bbox 1121 1329 1309 1370; x_wconf 86' lang='lat' dir='ltr'>humana</span> <span class='ocrx_word' id='word_1_154' title='bbox 1327 1342 1457 1370; x_wconf 75' lang='lat' dir='ltr'>‘mmm</span> 
     </span>
     <span class='ocr_line' id='line_1_23' title="bbox 101 1387 1456 1442; baseline 0 -13"><span class='ocrx_word' id='word_1_155' title='bbox 101 1388 254 1430; x_wconf 87' lang='lat' dir='ltr'>confici</span> <span class='ocrx_word' id='word_1_156' title='bbox 285 1390 442 1442; x_wconf 88' lang='lat' dir='ltr'>potest,</span> <span class='ocrx_word' id='word_1_157' title='bbox 474 1391 640 1429; x_wconf 78' lang='lat' dir='ltr'>erectae</span> <span class='ocrx_word' id='word_1_158' title='bbox 676 1392 775 1429; x_wconf 91' lang='lat' dir='ltr'>sunt</span> <span class='ocrx_word' id='word_1_159' title='bbox 806 1391 958 1442; x_wconf 89' lang='lat' dir='ltr'>turres,</span> <span class='ocrx_word' id='word_1_160' title='bbox 997 1388 1050 1429; x_wconf 88' lang='lat' dir='ltr'>ab</span> <span class='ocrx_word' id='word_1_161' title='bbox 1090 1388 1176 1430; x_wconf 92' lang='lat' dir='ltr'>imo</span> <span class='ocrx_word' id='word_1_162' title='bbox 1217 1387 1456 1429; x_wconf 87' lang='lat' dir='ltr'>latissimae</span> 
     </span>
     <span class='ocr_line' id='line_1_24' title="bbox 101 1446 1458 1502; baseline 0 -14"><span class='ocrx_word' id='word_1_163' title='bbox 101 1448 146 1488; x_wconf 91' lang='lat' dir='ltr'>in</span> <span class='ocrx_word' id='word_1_164' title='bbox 178 1448 451 1488; x_wconf 87' lang='lat' dir='ltr'>summitates</span> <span class='ocrx_word' id='word_1_165' title='bbox 485 1447 758 1488; x_wconf 86' lang='lat' dir='ltr'>acutissimas</span> <span class='ocrx_word' id='word_1_166' title='bbox 780 1447 1037 1488; x_wconf 87' lang='lat' dir='ltr'>desinentes.</span> <span class='ocrx_word' id='word_1_167' title='bbox 1088 1447 1156 1488; x_wconf 78' lang='lat'>29.</span> <span class='ocrx_word' id='word_1_168' title='bbox 1177 1461 1285 1502; x_wconf 88' lang='lat' dir='ltr'>quae</span> <span class='ocrx_word' id='word_1_169' title='bbox 1318 1446 1458 1501; x_wconf 88' lang='lat' dir='ltr'>figura</span> 
     </span>
     <span class='ocr_line' id='line_1_25' title="bbox 103 1506 1458 1560; baseline -0.001 -13"><span class='ocrx_word' id='word_1_170' title='bbox 103 1506 215 1560; x_wconf 88' lang='lat' dir='ltr'>apud</span> <span class='ocrx_word' id='word_1_171' title='bbox 248 1509 491 1560; x_wconf 87' lang='lat' dir='ltr'>geometras</span> <span class='ocrx_word' id='word_1_172' title='bbox 525 1506 619 1548; x_wconf 86' lang='lat' dir='ltr'>ideo</span> <span class='ocrx_word' id='word_1_173' title='bbox 654 1507 713 1547; x_wconf 89' lang='lat' dir='ltr'>sic</span> <span class='ocrx_word' id='word_1_174' title='bbox 736 1506 979 1560; x_wconf 86' lang='lat' dir='ltr'>appellatur</span> <span class='ocrx_word' id='word_1_175' title='bbox 1001 1506 1113 1560; x_wconf 91' lang='lat' dir='ltr'>quod</span> <span class='ocrx_word' id='word_1_176' title='bbox 1146 1506 1198 1547; x_wconf 90' lang='lat' dir='ltr'>ad</span> <span class='ocrx_word' id='word_1_177' title='bbox 1229 1506 1344 1560; x_wconf 85' lang='lat' dir='ltr'>ignis</span> <span class='ocrx_word' id='word_1_178' title='bbox 1367 1520 1458 1560; x_wconf 89' lang='lat' dir='ltr'>spe-</span> 
     </span>
    </p>

    <p class='ocr_par' dir='ltr' id='par_1_8' title="bbox 48 1562 1459 1783">
     <span class='ocr_line' id='line_1_26' title="bbox 48 1562 1459 1620; baseline -0.001 -13"><span class='ocrx_word' id='word_1_179' title='bbox 48 1583 84 1609; x_wconf 79' lang='lat'>25</span> <span class='ocrx_word' id='word_1_180' title='bbox 104 1566 224 1620; x_wconf 88' lang='lat' dir='ltr'>ciem,</span> <span class='ocrx_word' id='word_1_181' title='bbox 255 1565 336 1606; x_wconf 82' lang='grc' dir='ltr'>τοῦ</span> <span class='ocrx_word' id='word_1_182' title='bbox 367 1562 516 1619; x_wconf 78' lang='grc' dir='ltr'><em>πυρὸς,</em></span> <span class='ocrx_word' id='word_1_183' title='bbox 548 1568 596 1606; x_wconf 91' lang='lat' dir='ltr'>ut</span> <span class='ocrx_word' id='word_1_184' title='bbox 628 1579 704 1606; x_wconf 90' lang='lat' dir='ltr'>nos</span> <span class='ocrx_word' id='word_1_185' title='bbox 727 1565 920 1619; x_wconf 87' lang='lat' dir='ltr'>dicimus,</span> <span class='ocrx_word' id='word_1_186' title='bbox 953 1567 1208 1606; x_wconf 85' lang='lat' dir='ltr'>extenuatur</span> <span class='ocrx_word' id='word_1_187' title='bbox 1227 1565 1273 1605; x_wconf 85' lang='lat' dir='ltr'>in</span> <span class='ocrx_word' id='word_1_188' title='bbox 1293 1579 1459 1606; x_wconf 88' lang='lat' dir='ltr'>conum.</span> 
     </span>
     <span class='ocr_line' id='line_1_27' title="bbox 103 1624 1459 1679; baseline -0.001 -13"><span class='ocrx_word' id='word_1_189' title='bbox 103 1638 285 1679; x_wconf 89' lang='lat' dir='ltr'>quarum</span> <span class='ocrx_word' id='word_1_190' title='bbox 324 1624 576 1678; x_wconf 85' lang='lat' dir='ltr'>magnitudo</span> <span class='ocrx_word' id='word_1_191' title='bbox 617 1624 821 1679; x_wconf 86' lang='lat' dir='ltr'>quoniam</span> <span class='ocrx_word' id='word_1_192' title='bbox 860 1624 905 1665; x_wconf 88' lang='lat' dir='ltr'>in</span> <span class='ocrx_word' id='word_1_193' title='bbox 943 1624 1242 1666; x_wconf 87' lang='lat' dir='ltr'>celsitudinem</span> <span class='ocrx_word' id='word_1_194' title='bbox 1279 1624 1459 1665; x_wconf 88' lang='lat' dir='ltr'>nimiam</span> 
     </span>
     <span class='ocr_line' id='line_1_28' title="bbox 103 1682 1459 1737; baseline -0.001 -12"><span class='ocrx_word' id='word_1_195' title='bbox 103 1682 310 1725; x_wconf 91' lang='lat' dir='ltr'>scandens</span> <span class='ocrx_word' id='word_1_196' title='bbox 345 1683 591 1737; x_wconf 86' lang='lat' dir='ltr'>gracilescit</span> <span class='ocrx_word' id='word_1_197' title='bbox 622 1683 846 1737; x_wconf 89' lang='lat' dir='ltr'>paulatim,</span> <span class='ocrx_word' id='word_1_198' title='bbox 883 1683 1058 1724; x_wconf 89' lang='lat' dir='ltr'>umbras</span> <span class='ocrx_word' id='word_1_199' title='bbox 1093 1697 1259 1737; x_wconf 85' lang='lat' dir='ltr'>quoque</span> <span class='ocrx_word' id='word_1_200' title='bbox 1292 1682 1459 1724; x_wconf 87' lang='lat' dir='ltr'>mecha-</span> 
     </span>
     <span class='ocr_line' id='line_1_29' title="bbox 102 1742 658 1783; baseline -0.002 0"><span class='ocrx_word' id='word_1_201' title='bbox 102 1742 200 1783; x_wconf 91' lang='lat' dir='ltr'>nica</span> <span class='ocrx_word' id='word_1_202' title='bbox 232 1742 399 1783; x_wconf 88' lang='lat' dir='ltr'>ratione</span> <span class='ocrx_word' id='word_1_203' title='bbox 432 1742 658 1783; x_wconf 87' lang='lat' dir='ltr'>consumit.</span> 
     </span>
    </p>

    <p class='ocr_par' dir='ltr' id='par_1_9' title="bbox 225 1799 1460 1855">
     <span class='ocr_line' id='line_1_30' title="bbox 225 1799 1460 1855; baseline -0.001 -13"><span class='ocrx_word' id='word_1_204' title='bbox 225 1801 292 1842; x_wconf 82' lang='lat'>30.</span> <span class='ocrx_word' id='word_1_205' title='bbox 327 1799 435 1842; x_wconf 81' lang='lat' dir='ltr'>Sunt</span> <span class='ocrx_word' id='word_1_206' title='bbox 474 1804 517 1842; x_wconf 89' lang='lat' dir='ltr'>et</span> <span class='ocrx_word' id='word_1_207' title='bbox 556 1800 754 1855; x_wconf 85' lang='lat' dir='ltr'>syringes</span> <span class='ocrx_word' id='word_1_208' title='bbox 794 1801 1064 1841; x_wconf 87' lang='lat' dir='ltr'>subterranei</span> <span class='ocrx_word' id='word_1_209' title='bbox 1103 1800 1275 1855; x_wconf 86' lang='lat' dir='ltr'>quidam</span> <span class='ocrx_word' id='word_1_210' title='bbox 1317 1803 1359 1842; x_wconf 87' lang='lat' dir='ltr'>et</span> <span class='ocrx_word' id='word_1_211' title='bbox 1390 1800 1460 1841; x_wconf 90' lang='lat' dir='ltr'>fle-</span> 
     </span>
    </p>

    <p class='ocr_par' dir='ltr' id='par_1_10' title="bbox 51 1859 1460 2091">
     <span class='ocr_line' id='line_1_31' title="bbox 51 1859 1460 1914; baseline -0.001 -12"><span class='ocrx_word' id='word_1_212' title='bbox 51 1877 87 1903; x_wconf 86' lang='lat'>30</span> <span class='ocrx_word' id='word_1_213' title='bbox 106 1859 232 1901; x_wconf 80' lang='lat' dir='ltr'>xuosi</span> <span class='ocrx_word' id='word_1_214' title='bbox 265 1874 472 1914; x_wconf 85' lang='lat' dir='ltr'>secessus,</span> <span class='ocrx_word' id='word_1_215' title='bbox 504 1874 622 1914; x_wconf 86' lang='lat' dir='ltr'>quos,</span> <span class='ocrx_word' id='word_1_216' title='bbox 653 1862 702 1901; x_wconf 89' lang='lat' dir='ltr'>ut</span> <span class='ocrx_word' id='word_1_217' title='bbox 734 1859 884 1913; x_wconf 87' lang='lat' dir='ltr'>fertur,</span> <span class='ocrx_word' id='word_1_218' title='bbox 915 1859 1044 1913; x_wconf 91' lang='lat' dir='ltr'>periti</span> <span class='ocrx_word' id='word_1_219' title='bbox 1075 1861 1235 1900; x_wconf 86' lang='lat' dir='ltr'>rituum</span> <span class='ocrx_word' id='word_1_220' title='bbox 1268 1861 1460 1900; x_wconf 90' lang='lat' dir='ltr'>uetusto—</span> 
     </span>
     <span class='ocr_line' id='line_1_32' title="bbox 105 1917 1460 1973; baseline 0.001 -14"><span class='ocrx_word' id='word_1_221' title='bbox 105 1933 202 1960; x_wconf 89' lang='lat' dir='ltr'>rum</span> <span class='ocrx_word' id='word_1_222' title='bbox 234 1918 467 1960; x_wconf 88' lang='lat' dir='ltr'>aduentare</span> <span class='ocrx_word' id='word_1_223' title='bbox 513 1918 724 1960; x_wconf 89' lang='lat' dir='ltr'>diluuium</span> <span class='ocrx_word' id='word_1_224' title='bbox 766 1917 969 1972; x_wconf 89' lang='lat' dir='ltr'>praescii,</span> <span class='ocrx_word' id='word_1_225' title='bbox 1019 1920 1358 1973; x_wconf 85' lang='lat' dir='ltr'>metuentesque,</span> <span class='ocrx_word' id='word_1_226' title='bbox 1406 1932 1460 1960; x_wconf 87' lang='lat' dir='ltr'>ne</span> 
     </span>
     <span class='ocr_line' id='line_1_33' title="bbox 107 1977 1460 2031; baseline 0 -13"><span class='ocrx_word' id='word_1_227' title='bbox 107 1977 440 2019; x_wconf 85' lang='lat' dir='ltr'>cerimoniarum</span> <span class='ocrx_word' id='word_1_228' title='bbox 461 1978 787 2019; x_wconf 89' lang='lat' dir='ltr'>oblitteraretur</span> <span class='ocrx_word' id='word_1_229' title='bbox 815 1977 1034 2030; x_wconf 89' lang='lat' dir='ltr'>memoria,</span> <span class='ocrx_word' id='word_1_230' title='bbox 1066 1977 1237 2031; x_wconf 86' lang='lat' dir='ltr'>penitus</span> <span class='ocrx_word' id='word_1_231' title='bbox 1266 1977 1460 2031; x_wconf 87' lang='lat' dir='ltr'>operosis</span> 
     </span>
     <span class='ocr_line' id='line_1_34' title="bbox 107 2036 1460 2091; baseline 0 -14"><span class='ocrx_word' id='word_1_232' title='bbox 107 2037 301 2091; x_wconf 87' lang='lat' dir='ltr'>digestos</span> <span class='ocrx_word' id='word_1_233' title='bbox 334 2036 492 2078; x_wconf 87' lang='lat' dir='ltr'>fodinis</span> <span class='ocrx_word' id='word_1_234' title='bbox 525 2051 601 2091; x_wconf 87' lang='lat' dir='ltr'>per</span> <span class='ocrx_word' id='word_1_235' title='bbox 632 2037 728 2078; x_wconf 88' lang='lat' dir='ltr'>loca</span> <span class='ocrx_word' id='word_1_236' title='bbox 748 2036 919 2077; x_wconf 88' lang='lat' dir='ltr'>diuersa</span> <span class='ocrx_word' id='word_1_237' title='bbox 951 2038 1210 2090; x_wconf 82' lang='lat' dir='ltr'>struxerunt,</span> <span class='ocrx_word' id='word_1_238' title='bbox 1244 2038 1286 2077; x_wconf 92' lang='lat' dir='ltr'>et</span> <span class='ocrx_word' id='word_1_239' title='bbox 1307 2036 1460 2078; x_wconf 81' lang='lat' dir='ltr'>excisis</span> 
     </span>
    </p>
   </div>
   <div class='ocr_carea' id='block_1_3' title="bbox 109 2168 1463 2394">
    <p class='ocr_par' dir='ltr' id='par_1_11' title="bbox 109 2168 1463 2394">
     <span class='ocr_line' id='line_1_35' title="bbox 199 2168 1461 2214; baseline -0.001 -10"><span class='ocrx_word' id='word_1_240' title='bbox 199 2173 220 2204; x_wconf 86' lang='lat'>4</span> <span class='ocrx_word' id='word_1_241' title='bbox 245 2180 316 2204; x_wconf 85' lang='lat' dir='ltr'>oua</span> <span class='ocrx_word' id='word_1_242' title='bbox 340 2170 408 2213; x_wconf 77' lang='lat' dir='ltr'>bya</span> <span class='ocrx_word' id='word_1_243' title='bbox 433 2180 507 2214; x_wconf 90' lang='lat' dir='ltr'>qua</span> <span class='ocrx_word' id='word_1_244' title='bbox 535 2169 604 2204; x_wconf 91' lang='lat' dir='ltr'>VP</span> <span class='ocrx_word' id='word_1_245' title='bbox 655 2170 778 2214; x_wconf 87' lang='lat' dir='ltr'>pestes</span> <span class='ocrx_word' id='word_1_246' title='bbox 805 2168 876 2204; x_wconf 68' lang='grc' dir='ltr'>ΘΑ</span> <span class='ocrx_word' id='word_1_247' title='bbox 899 2171 1006 2213; x_wconf 86' lang='lat' dir='ltr'>petes</span> <span class='ocrx_word' id='word_1_248' title='bbox 1035 2168 1104 2203; x_wconf 85' lang='lat' dir='ltr'>VP</span> <span class='ocrx_word' id='word_1_249' title='bbox 1127 2178 1192 2203; x_wconf 83' lang='lat' dir='ltr'>om.</span> <span class='ocrx_word' id='word_1_250' title='bbox 1217 2169 1258 2205; x_wconf 74' lang='lat' dir='ltr'>rb</span> <span class='ocrx_word' id='word_1_251' title='bbox 1318 2173 1359 2204; x_wconf 88' lang='lat'>11</span> <span class='ocrx_word' id='word_1_252' title='bbox 1385 2179 1461 2203; x_wconf 90' lang='lat' dir='ltr'>am-</span> 
     </span>
     <span class='ocr_line' id='line_1_36' title="bbox 109 2213 1462 2259; baseline -0.001 -11"><span class='ocrx_word' id='word_1_253' title='bbox 109 2213 313 2249; x_wconf 87' lang='lat' dir='ltr'>fizbemnas</span> <span class='ocrx_word' id='word_1_254' title='bbox 342 2214 378 2248; x_wconf 92' lang='lat' dir='ltr'><strong><em>V</em></strong></span> <span class='ocrx_word' id='word_1_255' title='bbox 422 2218 463 2250; x_wconf 84' lang='lat'>15</span> <span class='ocrx_word' id='word_1_256' title='bbox 487 2214 556 2249; x_wconf 91' lang='lat' dir='ltr'>nili</span> <span class='ocrx_word' id='word_1_257' title='bbox 575 2214 657 2258; x_wconf 80' lang='lat' dir='ltr'>[lae.</span> <span class='ocrx_word' id='word_1_258' title='bbox 671 2214 822 2259; x_wconf 72' lang='lat' dir='ltr'>201itt.]</span> <span class='ocrx_word' id='word_1_259' title='bbox 842 2213 946 2249; x_wconf 81' lang='lat' dir='ltr'>VAP</span> <span class='ocrx_word' id='word_1_260' title='bbox 995 2217 1036 2248; x_wconf 89' lang='grc'>16</span> <span class='ocrx_word' id='word_1_261' title='bbox 1060 2214 1225 2258; x_wconf 87' lang='lat' dir='ltr'>pretium</span> <span class='ocrx_word' id='word_1_262' title='bbox 1249 2234 1293 2239; x_wconf 91' lang='lat'><em>-</em></span> <span class='ocrx_word' id='word_1_263' title='bbox 1320 2218 1360 2249; x_wconf 85' lang='lat'>17</span> <span class='ocrx_word' id='word_1_264' title='bbox 1386 2224 1462 2248; x_wconf 91' lang='lat' dir='ltr'>cer-</span> 
     </span>
     <span class='ocr_line' id='line_1_37' title="bbox 109 2258 1463 2304; baseline 0.001 -12"><span class='ocrx_word' id='word_1_265' title='bbox 109 2270 199 2293; x_wconf 88' lang='lat' dir='ltr'>nere</span> <span class='ocrx_word' id='word_1_266' title='bbox 219 2270 238 2293; x_wconf 95' lang='lat' dir='ltr'>e</span> <span class='ocrx_word' id='word_1_267' title='bbox 263 2269 330 2294; x_wconf 83' lang='lat' dir='ltr'>om.</span> <span class='ocrx_word' id='word_1_268' title='bbox 355 2260 375 2294; x_wconf 79' lang='lat' dir='ltr'><strong><em>b</em></strong></span> <span class='ocrx_word' id='word_1_269' title='bbox 398 2270 549 2294; x_wconf 86' lang='lat' dir='ltr'>cernere</span> <span class='ocrx_word' id='word_1_270' title='bbox 569 2270 587 2294; x_wconf 93' lang='lat' dir='ltr'>e</span> <span class='ocrx_word' id='word_1_271' title='bbox 605 2259 739 2302; x_wconf 75' lang='lat' dir='ltr'>Haupt</span> <span class='ocrx_word' id='word_1_272' title='bbox 763 2269 948 2304; x_wconf 85' lang='lat' dir='ltr'>aegernae</span> <span class='ocrx_word' id='word_1_273' title='bbox 978 2258 1045 2294; x_wconf 91' lang='lat' dir='ltr'>VP</span> <span class='ocrx_word' id='word_1_274' title='bbox 1093 2263 1134 2294; x_wconf 87' lang='lat'>18</span> <span class='ocrx_word' id='word_1_275' title='bbox 1159 2259 1373 2304; x_wconf 81' lang='lat' dir='ltr'>pyramides</span> <span class='ocrx_word' id='word_1_276' title='bbox 1393 2258 1463 2293; x_wconf 69' lang='grc' dir='ltr'>ΘΑ</span> 
     </span>
     <span class='ocr_line' id='line_1_38' title="bbox 110 2303 1463 2339; baseline 0 -2"><span class='ocrx_word' id='word_1_277' title='bbox 110 2313 176 2338; x_wconf 82' lang='lat' dir='ltr'>om.</span> <span class='ocrx_word' id='word_1_278' title='bbox 207 2303 297 2339; x_wconf 82' lang='lat' dir='ltr'>VPb</span> <span class='ocrx_word' id='word_1_279' title='bbox 388 2309 428 2339; x_wconf 79' lang='lat'>21</span> <span class='ocrx_word' id='word_1_280' title='bbox 456 2304 606 2339; x_wconf 89' lang='lat' dir='ltr'>omnino</span> <span class='ocrx_word' id='word_1_281' title='bbox 647 2304 680 2338; x_wconf 83' lang='lat' dir='ltr'>G-</span> <span class='ocrx_word' id='word_1_282' title='bbox 713 2304 907 2339; x_wconf 84' lang='lat' dir='ltr'>nominum</span> <span class='ocrx_word' id='word_1_283' title='bbox 937 2303 1005 2339; x_wconf 91' lang='lat' dir='ltr'>VP</span> <span class='ocrx_word' id='word_1_284' title='bbox 1035 2304 1220 2339; x_wconf 89' lang='lat' dir='ltr'>montium</span> <span class='ocrx_word' id='word_1_285' title='bbox 1250 2305 1294 2339; x_wconf 78' lang='lat' dir='ltr'>ba</span> <span class='ocrx_word' id='word_1_286' title='bbox 1395 2303 1463 2337; x_wconf 89' lang='lat' dir='ltr'>hu-</span> 
     </span>
     <span class='ocr_line' id='line_1_39' title="bbox 110 2349 1179 2394; baseline 0.001 -12"><span class='ocrx_word' id='word_1_287' title='bbox 110 2358 221 2383; x_wconf 89' lang='lat' dir='ltr'>mana</span> <span class='ocrx_word' id='word_1_288' title='bbox 244 2360 358 2384; x_wconf 92' lang='lat' dir='ltr'>manu</span> <span class='ocrx_word' id='word_1_289' title='bbox 383 2349 586 2385; x_wconf 74' lang='lat' dir='ltr'>Lindenbr.</span> <span class='ocrx_word' id='word_1_290' title='bbox 612 2349 785 2384; x_wconf 83' lang='lat' dir='ltr'>humanis</span> <span class='ocrx_word' id='word_1_291' title='bbox 814 2349 926 2394; x_wconf 72' lang='lat' dir='ltr'>Vqu</span> <span class='ocrx_word' id='word_1_292' title='bbox 949 2349 1120 2384; x_wconf 88' lang='lat' dir='ltr'>manibus</span> <span class='ocrx_word' id='word_1_293' title='bbox 1145 2350 1179 2383; x_wconf 90' lang='lat' dir='ltr'><strong><em>A</em></strong></span> 
     </span>
    </p>
   </div>
  </div>
 </body>
</html>
