1573 2508
155 41 209 82 94
614 41 700 79 XVI
727 46 779 86 10,
805 46 846 78 ιτ
872 63 913 70 -
940 47 992 88 11,
1016 47 1037 79 6
1514 0 1548 51 ὃ

157 135 401 188 sti-animus,
433 136 653 190 respondit
685 140 779 179 astu
813 138 967 192 gentili
1001 139 1122 181 ‘ante'
1144 139 1283 194 inquit
1313 139 1507 195 ‘impera-

156 197 225 234 tor
245 193 462 235 stabulum
495 194 583 235 tale
616 195 740 237 condi
771 197 930 250 iubeto,
962 197 998 239 si
1030 197 1170 239 uales:
1203 212 1347 252 equus
1380 213 1505 254 quem

156 252 366 293 fabricare
387 253 592 306 disponis,
624 254 686 295 ita,
717 254 803 296 late
824 255 1033 309 succedat,
1066 260 1114 297 ut
1145 256 1227 298 iste
1247 271 1372 311 quem
1391 257 1506 299 uide-

156 312 273 351 nius'.
335 311 370 351 is
403 311 493 364 ipse
526 312 816 366 interrogatus
850 314 950 368 quid
983 314 1033 355 de
1063 313 1203 356 Roma
1234 315 1426 370 sentiret,
1461 316 1503 358 id

156 373 323 409 tantum
344 369 428 410 sibi
448 370 658 423 placuisse
679 371 840 425 aiebat,
873 372 984 426 quod
1017 373 1235 414 didicisset
1255 373 1315 415 ibi
1336 388 1504 429 quoque
1523 389 1543 416 5

156 427 349 468 homines
389 429 510 469 mori.
576 430 639 470 17.
690 430 838 471 multis
880 431 1015 485 igitur
1054 445 1148 472 cum
1187 435 1360 485 stupore
1397 433 1503 475 uisis

155 485 366 527 horrendo
387 487 620 540 imperator
648 489 691 529 in
724 489 837 530 fama
858 490 1115 544 querebatur
1133 493 1181 530 ut
1213 490 1405 531 inualida
1434 491 1504 532 uel

154 544 364 598 maligna,
408 546 519 599 quod
559 560 718 599 augens
758 548 901 589 onmia
940 563 1107 602 semper
1144 548 1187 588 in
1225 548 1360 589 maius
1400 562 1505 604 erga

154 602 258 643 haec
291 603 540 657 explicanda
581 620 687 659 quae
718 605 881 647 Romae
919 609 1020 648 sunt
1057 607 1308 648 obsolescit:
1348 607 1504 650 delibe-

153 675 336 715 ransque
369 662 438 702 diu
459 664 560 715 quid
590 667 746 717 ageret,
778 665 897 705 urbis
924 665 1075 706 addere
1108 665 1262 706 statuit
1281 679 1502 708 ornamen-
1523 682 1551 709 ι(

154 719 223 771 tis,
255 723 303 761 ut
334 720 377 760 in
408 721 596 762 maximo
630 723 740 763 circo
774 724 958 777 erigeret
990 723 1237 777 obeliscum,
1270 724 1388 766 cuius
1421 726 1502 766 ori—

154 778 297 831 ginem
330 780 596 834 formamque
629 781 723 822 loco
757 782 999 835 conpetenti
1032 782 1295 823 monstrabo.

275 837 338 878 18.
352 837 470 878 Inter
489 838 592 879 haec
607 839 796 881 Helenae
817 841 953 881 sorori
970 840 1208 893 Constanti,
1229 840 1386 882 Iuliani
1407 855 1502 883 con-

153 894 242 948 iugi
274 894 482 949 Caesaris,
508 896 690 938 Romam
718 899 969 940 adfectionis
1003 899 1142 953 specie
1169 898 1320 940 ductae
1351 900 1502 955 regina

151 956 253 993 tunc
285 954 570 996 insidiabatur
595 956 795 1009 Eusebia,
829 958 920 1011 ipsa
956 957 1093 1011 quoad
1126 957 1294 998 uixerat
1326 959 1499 1013 sterilis,
1521 975 1552 1002 15

152 1012 476 1067 quaesitumque
510 1029 718 1056 uenenum
752 1016 898 1057 bibere
928 1031 1002 1070 per
1034 1016 1226 1056 fraudem
1259 1016 1420 1070 inlexit,
1452 1022 1501 1059 ut

152 1070 531 1126 quotienscumque
564 1075 843 1128 concepisset,
887 1075 1147 1116 inmaturum
1181 1074 1367 1116 abiceret
1405 1091 1500 1130 par-

151 1132 255 1168 tum.
286 1129 349 1170 19.
370 1144 469 1171 nam
491 1134 533 1171 et
554 1132 717 1185 pridem
738 1133 780 1173 in
797 1133 962 1187 Galliis,
983 1148 1076 1174 cum
1099 1147 1259 1173 marem
1281 1134 1500 1186 genuisset

151 1186 377 1241 infantem,
420 1189 499 1229 hoc
532 1190 718 1243 perdidit
749 1192 847 1232 dolo
857 1225 884 1245 ,⁴
906 1192 1017 1246 quod
1049 1191 1260 1232 obstetrix
1298 1196 1499 1247 corrupta

150 1247 341 1287 mercede
374 1262 471 1288 mox
509 1251 657 1289 natum
691 1255 912 1302 praesecto
947 1251 1043 1305 plus
1077 1263 1203 1304 quam
1243 1255 1498 1293 conuenerat
1517 1267 1553 1294 ιο

149 1304 355 1345 umbilico
388 1307 576 1347 necauit:
608 1310 728 1348 tanta
762 1312 935 1363 tamque
956 1310 1140 1362 diligens
1161 1323 1290 1361 opera
1314 1310 1499 1351 nauaba-

148 1364 231 1416 tur,
262 1377 314 1404 ne
346 1364 573 1405 fortissimi
604 1366 687 1407 uiri
720 1367 890 1408 soboles
924 1370 1162 1421 appareret.

267 1422 336 1462 20.
346 1421 530 1476 Cupiens
545 1424 690 1479 itaque
705 1427 1010 1480 augustissima
1021 1425 1210 1467 omnium
1226 1426 1322 1466 sede
1338 1428 1496 1468 morari

148 1478 308 1521 diutius
329 1481 576 1535 imperator,
600 1487 647 1524 ut
667 1484 756 1525 otio
777 1485 948 1538 puriore
969 1486 1179 1526 frueretur
1200 1488 1241 1525 et
1263 1484 1496 1540 uoluptate,

149 1538 334 1580 adsiduis
367 1541 529 1582 nuntiis
562 1543 803 1583 terrebatur
835 1547 877 1584 et
909 1544 1050 1589 certis,
1083 1542 1369 1584 indicantibus
1398 1543 1496 1586 Sue·
1515 1560 1550 1586 25

148 1596 224 1636 bos
245 1597 421 1639 Raetias
455 1599 682 1654 incursare,
714 1600 968 1656 Quadosque
989 1601 1222 1653 Valeriam,
1255 1605 1297 1642 et
1331 1600 1496 1644 Sarma-

146 1659 213 1695 tas
254 1656 538 1698 latrocinandi
577 1659 886 1712 peritissimum
920 1674 1053 1714 genus
1087 1661 1348 1713 superiorem
1382 1659 1496 1702 Moe-

147 1713 253 1755 siam
275 1719 317 1756 et
349 1716 574 1757 secundam
597 1717 791 1770 populari
815 1719 1098 1759 Pannoniam:
1131 1719 1283 1771 quibus
1306 1719 1494 1772 percitus

146 1773 393 1815 tricensimo
432 1779 661 1829 postquam
700 1776 920 1829 ingressus
959 1781 1025 1818 est
1063 1777 1128 1818 (lie
1169 1780 1368 1831 quartum
1410 1777 1493 1819 kal.

146 1830 289 1873 lunias
323 1834 376 1873 ab
411 1834 513 1873 urbe
546 1837 761 1887 profectus
800 1850 875 1889 per
908 1835 1159 1876 Tridentum
1201 1836 1282 1876 iter
1314 1836 1357 1877 in
1390 1835 1493 1891 Illy·
1511 1853 1547 1879 30

146 1889 278 1931 ricum
313 1892 546 1933 festinauit.
586 1895 652 1933 21.
686 1894 794 1934 unde
828 1895 958 1935 misso
978 1894 1022 1935 in
1044 1894 1183 1935 locum
1205 1893 1400 1935 Marcelli
1422 1894 1492 1936 Se-

147 1962 245 1989 uero
268 1950 480 1991 bellorum
502 1966 578 1992 usu
612 1955 654 1992 et
686 1953 936 1994 maturitate
970 1954 1138 1993 firmato
1160 1952 1361 1994 Vrsicinu
1439 1954 1490 1995 ad

146 2021 188 2044 se
207 2009 349 2048 uenire
371 2010 599 2062 praecepit.
633 2013 675 2050 et
697 2010 770 2051 ille
793 2011 951 2052 litteris
967 2013 1189 2063 gratanter
1205 1968 1491 2182 acceptilsixSir-

236 2137 248 2166 1
278 2136 358 2167 astu
384 2134 547 2169 Valesius
573 2137 705 2179 agustu
730 2135 763 2169 Γ
807 2140 826 2170 5
852 2136 1080 2180 displicuisse
1105 2136 1269 2171 Valesius
1293 2141 1324 2171 et
1348 2137 1398 2171 (r'i
1442 2147 1488 2172 vn

144 2177 252 2220 [Vp.
270 2181 341 2211 290·
390 2183 407 2212 7
433 2179 468 2212 in
497 2181 735 2213 Gronovius-i
768 2181 854 2215 VPb
879 2181 923 2215 de
944 2181 1012 2215 GA
1060 2184 1080 2213 8
1105 2180 1269 2226 maligna
1294 2184 1325 2217 A
1349 2192 1413 2216 ma
1467 2192 1489 2216 a

151 2221 260 2266 1⁷qu
343 2229 382 2256 Η)
407 2224 495 2267 quid
522 2225 587 2268 ban
613 2234 680 2258 mn.
712 2225 779 2259 ΓΙ)
872 2230 906 2259 11
935 2225 1098 2259 maximo
1128 2225 1295 2260 Valesius
1317 2224 1423 2271 pmii
1466 2237 1487 2261 o

148 2266 283 2310 VPbya
356 2272 395 2302 13
421 2279 580 2302 sororem
617 2269 682 2303 ΓΙ)
752 2274 793 2303 25
820 2270 969 2304 incertis
1000 2271 1030 2304 (τ’
1101 2274 1143 2304 2ss
1168 2269 1389 2314 Quadosque
1417 2270 1486 2305 ΟΛ

143 2311 360 2355 qnodusquc·
397 2313 458 2346 ΙἸ’
550 2318 592 2347 31)
617 2313 802 2347 tridcnum
836 2314 866 2348 V
