<?xml version="1.0" encoding="UTF-8"?>
<!DOCTYPE html PUBLIC "-//W3C//DTD XHTML 1.0 Transitional//EN"
    "http://www.w3.org/TR/xhtml1/DTD/xhtml1-transitional.dtd">
<html xmlns="http://www.w3.org/1999/xhtml" xml:lang="en" lang="en">
 <head>
  <title>
</title>
<meta http-equiv="Content-Type" content="text/html;charset=utf-8" />
  <meta name='ocr-system' content='tesseract 3.04.00' />
  <meta name='ocr-capabilities' content='ocr_page ocr_carea ocr_par ocr_line ocrx_word'/>
</head>
<body>
  <div class='ocr_page' id='page_1' title='image "./rerumgestarumlib01ammiuoft_0124.png"; bbox 0 0 1573 2508; ppageno 0'>
   <div class='ocr_carea' id='block_1_1' title="bbox 1512 0 1573 1679">
    <p class='ocr_par' dir='ltr' id='par_1_1' title="bbox 1512 0 1573 1679">
     <span class='ocr_line' id='line_1_1' title="bbox 1512 0 1573 500; baseline 0.049 -114"><span class='ocrx_word' id='word_1_1' title='bbox 1512 0 1573 500; x_wconf 95' lang='lat' dir='ltr'>     </span> 
     </span>
     <span class='ocr_line' id='line_1_2' title="bbox 1558 500 1573 791; baseline 0 0"><span class='ocrx_word' id='word_1_2' title='bbox 1558 500 1573 791; x_wconf 95' lang='lat' dir='ltr'>  </span> 
     </span>
     <span class='ocr_line' id='line_1_3' title="bbox 1561 791 1573 1064; baseline 0 0"><span class='ocrx_word' id='word_1_3' title='bbox 1561 791 1573 1064; x_wconf 95' lang='lat' dir='ltr'>  </span> 
     </span>
     <span class='ocr_line' id='line_1_4' title="bbox 1537 1064 1573 1679; baseline 0 -1"><span class='ocrx_word' id='word_1_4' title='bbox 1537 1064 1573 1679; x_wconf 95' lang='lat' dir='ltr'>   </span> 
     </span>
    </p>
   </div>
   <div class='ocr_carea' id='block_1_2' title="bbox 166 89 1017 137">
    <p class='ocr_par' dir='ltr' id='par_1_2' title="bbox 166 89 1017 137">
     <span class='ocr_line' id='line_1_5' title="bbox 166 89 1017 137; baseline -0.004 -11"><span class='ocrx_word' id='word_1_5' title='bbox 166 95 221 137; x_wconf 87' lang='lat'>74</span> <span class='ocrx_word' id='word_1_6' title='bbox 656 89 724 124; x_wconf 80' lang='lat' dir='ltr'>xv</span> <span class='ocrx_word' id='word_1_7' title='bbox 750 94 801 133; x_wconf 79' lang='lat'>11,</span> <span class='ocrx_word' id='word_1_8' title='bbox 829 92 972 131; x_wconf 81' lang='lat'>17-13,</span> <span class='ocrx_word' id='word_1_9' title='bbox 997 92 1017 123; x_wconf 78' lang='lat'>2</span> 
     </span>
    </p>
   </div>
   <div class='ocr_carea' id='block_1_3' title="bbox 167 171 1573 1998">
    <p class='ocr_par' dir='ltr' id='par_1_3' title="bbox 167 171 1563 1178">
     <span class='ocr_line' id='line_1_6' title="bbox 167 171 1554 244; baseline -0.006 -14"><span class='ocrx_word' id='word_1_10' title='bbox 167 190 288 244; x_wconf 85' lang='lat' dir='ltr'>aquis</span> <span class='ocrx_word' id='word_1_11' title='bbox 340 187 540 228; x_wconf 81' lang='lat' dir='ltr'>miscetur</span> <span class='ocrx_word' id='word_1_12' title='bbox 585 185 770 226; x_wconf 84' lang='lat' dir='ltr'>externis</span> <span class='ocrx_word' id='word_1_13' title='bbox 821 184 894 225; x_wconf 85' lang='lat' dir='ltr'>sed</span> <span class='ocrx_word' id='word_1_14' title='bbox 944 183 1197 225; x_wconf 86' lang='lat' dir='ltr'>altrinsecus</span> <span class='ocrx_word' id='word_1_15' title='bbox 1248 182 1515 225; x_wconf 72' lang='lat' dir='ltr'><strong>sumitates</strong></span> <span class='ocrx_word' id='word_1_16' title='bbox 1542 171 1554 222; x_wconf 65' lang='grc'>1</span> 
     </span>
     <span class='ocr_line' id='line_1_7' title="bbox 168 241 1551 300; baseline -0.009 -10"><span class='ocrx_word' id='word_1_17' title='bbox 168 248 302 289; x_wconf 89' lang='lat' dir='ltr'>undae</span> <span class='ocrx_word' id='word_1_18' title='bbox 334 244 654 300; x_wconf 77' lang='lat' dir='ltr'>praeterlabens</span> <span class='ocrx_word' id='word_1_19' title='bbox 697 242 910 297; x_wconf 82' lang='lat' dir='ltr'>segnioris</span> <span class='ocrx_word' id='word_1_20' title='bbox 943 241 1187 296; x_wconf 81' lang='lat' dir='ltr'>quaeritans</span> <span class='ocrx_word' id='word_1_21' title='bbox 1226 241 1364 282; x_wconf 82' lang='lat' dir='ltr'>exitus</span> <span class='ocrx_word' id='word_1_22' title='bbox 1401 241 1516 283; x_wconf 85' lang='lat' dir='ltr'>uiam</span> <span class='ocrx_word' id='word_1_23' title='bbox 1546 261 1551 278; x_wconf 56' lang='grc' dir='ltr'><em>ι</em></span> 
     </span>
     <span class='ocr_line' id='line_1_8' title="bbox 168 300 1551 358; baseline -0.005 -10"><span class='ocrx_word' id='word_1_24' title='bbox 168 307 251 348; x_wconf 86' lang='lat' dir='ltr'>sibi</span> <span class='ocrx_word' id='word_1_25' title='bbox 273 306 434 358; x_wconf 85' lang='lat' dir='ltr'>impetu</span> <span class='ocrx_word' id='word_1_26' title='bbox 455 302 593 344; x_wconf 87' lang='lat' dir='ltr'>ueloci</span> <span class='ocrx_word' id='word_1_27' title='bbox 615 301 802 343; x_wconf 89' lang='lat' dir='ltr'>molitur.</span> <span class='ocrx_word' id='word_1_28' title='bbox 856 301 921 342; x_wconf 84' lang='lat'>17.</span> <span class='ocrx_word' id='word_1_29' title='bbox 941 300 1050 341; x_wconf 88' lang='lat' dir='ltr'>unde</span> <span class='ocrx_word' id='word_1_30' title='bbox 1070 300 1160 341; x_wconf 85' lang='lat' dir='ltr'>sine</span> <span class='ocrx_word' id='word_1_31' title='bbox 1186 300 1348 341; x_wconf 82' lang='lat' dir='ltr'>iactura</span> <span class='ocrx_word' id='word_1_32' title='bbox 1374 314 1517 342; x_wconf 87' lang='lat' dir='ltr'>rerum</span> <span class='ocrx_word' id='word_1_33' title='bbox 1546 315 1551 334; x_wconf 71' lang='grc'>1</span> 
     </span>
     <span class='ocr_line' id='line_1_9' title="bbox 168 340 1555 419; baseline -0.005 -13"><span class='ocrx_word' id='word_1_34' title='bbox 168 380 243 419; x_wconf 87' lang='lat' dir='ltr'>per</span> <span class='ocrx_word' id='word_1_35' title='bbox 264 362 521 417; x_wconf 80' lang='lat' dir='ltr'>Sapaudiam</span> <span class='ocrx_word' id='word_1_36' title='bbox 553 361 688 402; x_wconf 82' lang='lat' dir='ltr'>fertur</span> <span class='ocrx_word' id='word_1_37' title='bbox 708 364 750 401; x_wconf 91' lang='lat' dir='ltr'>et</span> <span class='ocrx_word' id='word_1_38' title='bbox 770 359 988 414; x_wconf 71' lang='lat' dir='ltr'>Sequanos</span> <span class='ocrx_word' id='word_1_39' title='bbox 1022 359 1233 412; x_wconf 87' lang='lat' dir='ltr'>longeque</span> <span class='ocrx_word' id='word_1_40' title='bbox 1264 371 1516 412; x_wconf 83' lang='lat' dir='ltr'>progressus</span> <span class='ocrx_word' id='word_1_41' title='bbox 1545 340 1555 395; x_wconf 59' lang='grc'>1</span> 
     </span>
     <span class='ocr_line' id='line_1_10' title="bbox 169 416 1556 472; baseline -0.004 -8"><span class='ocrx_word' id='word_1_42' title='bbox 169 423 456 464; x_wconf 82' lang='lat' dir='ltr'>Viennensem</span> <span class='ocrx_word' id='word_1_43' title='bbox 487 420 620 462; x_wconf 86' lang='lat' dir='ltr'>latere</span> <span class='ocrx_word' id='word_1_44' title='bbox 653 419 828 460; x_wconf 87' lang='lat' dir='ltr'>sinistro</span> <span class='ocrx_word' id='word_1_45' title='bbox 861 417 1132 472; x_wconf 77' lang='lat' dir='ltr'>perstringit.</span> <span class='ocrx_word' id='word_1_46' title='bbox 1170 417 1318 459; x_wconf 84' lang='lat' dir='ltr'>dextro</span> <span class='ocrx_word' id='word_1_47' title='bbox 1351 416 1556 472; x_wconf 62' lang='lat' dir='ltr'>Lugdu-⁶,</span> 
     </span>
     <span class='ocr_line' id='line_1_11' title="bbox 168 474 1519 532; baseline -0.004 -9"><span class='ocrx_word' id='word_1_48' title='bbox 168 495 343 523; x_wconf 89' lang='lat' dir='ltr'>nensem</span> <span class='ocrx_word' id='word_1_49' title='bbox 375 482 416 521; x_wconf 89' lang='lat' dir='ltr'>et</span> <span class='ocrx_word' id='word_1_50' title='bbox 445 493 640 520; x_wconf 82' lang='lat' dir='ltr'>emensus</span> <span class='ocrx_word' id='word_1_51' title='bbox 673 478 814 532; x_wconf 86' lang='lat' dir='ltr'>spatia</span> <span class='ocrx_word' id='word_1_52' title='bbox 846 476 1032 518; x_wconf 85' lang='lat' dir='ltr'>flexuosa</span> <span class='ocrx_word' id='word_1_53' title='bbox 1053 475 1239 527; x_wconf 80' lang='lat' dir='ltr'>Ararim,</span> <span class='ocrx_word' id='word_1_54' title='bbox 1271 490 1396 530; x_wconf 92' lang='lat' dir='ltr'>quem</span> <span class='ocrx_word' id='word_1_55' title='bbox 1416 474 1519 518; x_wconf 82' lang='lat' dir='ltr'>Sau-</span> 
     </span>
     <span class='ocr_line' id='line_1_12' title="bbox 169 534 1516 592; baseline -0.004 -10"><span class='ocrx_word' id='word_1_56' title='bbox 169 554 349 582; x_wconf 86' lang='lat' dir='ltr'>connam</span> <span class='ocrx_word' id='word_1_57' title='bbox 383 538 615 592; x_wconf 82' lang='lat' dir='ltr'>appellant,</span> <span class='ocrx_word' id='word_1_58' title='bbox 649 537 778 588; x_wconf 78' lang='lat' dir='ltr'>[iuter</span> <span class='ocrx_word' id='word_1_59' title='bbox 800 536 1074 576; x_wconf 73' lang='lat' dir='ltr'>Germaniam</span> <span class='ocrx_word' id='word_1_60' title='bbox 1094 535 1277 588; x_wconf 85' lang='lat' dir='ltr'>primam</span> <span class='ocrx_word' id='word_1_61' title='bbox 1298 534 1516 586; x_wconf 87' lang='lat' dir='ltr'>fluentem]</span> 
     </span>
     <span class='ocr_line' id='line_1_13' title="bbox 170 592 1519 649; baseline -0.005 -8"><span class='ocrx_word' id='word_1_62' title='bbox 170 614 292 641; x_wconf 91' lang='lat' dir='ltr'>suum</span> <span class='ocrx_word' id='word_1_63' title='bbox 324 599 368 639; x_wconf 92' lang='grc'>111</span> <span class='ocrx_word' id='word_1_64' title='bbox 400 611 556 638; x_wconf 90' lang='grc'>110111911</span> <span class='ocrx_word' id='word_1_65' title='bbox 588 595 799 642; x_wconf 80' lang='lat' dir='ltr'>adsciscit,</span> <span class='ocrx_word' id='word_1_66' title='bbox 834 594 906 649; x_wconf 88' lang='lat' dir='ltr'>qui</span> <span class='ocrx_word' id='word_1_67' title='bbox 940 594 1056 635; x_wconf 84' lang='lat' dir='ltr'>locus</span> <span class='ocrx_word' id='word_1_68' title='bbox 1083 593 1303 634; x_wconf 81' lang='lat' dir='ltr'>exordium</span> <span class='ocrx_word' id='word_1_69' title='bbox 1336 596 1401 634; x_wconf 90' lang='lat' dir='ltr'>est</span> <span class='ocrx_word' id='word_1_70' title='bbox 1420 592 1519 635; x_wconf 86' lang='lat' dir='ltr'>Gal-</span> 
     </span>
     <span class='ocr_line' id='line_1_14' title="bbox 170 651 1518 709; baseline -0.005 -10"><span class='ocrx_word' id='word_1_71' title='bbox 170 659 337 700; x_wconf 88' lang='lat' dir='ltr'>liarum.</span> <span class='ocrx_word' id='word_1_72' title='bbox 400 655 633 709; x_wconf 81' lang='lat' dir='ltr'>exindeque</span> <span class='ocrx_word' id='word_1_73' title='bbox 674 668 759 695; x_wconf 91' lang='lat' dir='ltr'>non</span> <span class='ocrx_word' id='word_1_74' title='bbox 797 653 985 694; x_wconf 83' lang='lat' dir='ltr'>millenis</span> <span class='ocrx_word' id='word_1_75' title='bbox 1028 652 1223 705; x_wconf 84' lang='lat' dir='ltr'>passibus</span> <span class='ocrx_word' id='word_1_76' title='bbox 1266 651 1338 692; x_wconf 88' lang='lat' dir='ltr'>sed</span> <span class='ocrx_word' id='word_1_77' title='bbox 1379 651 1518 706; x_wconf 66' lang='lat' dir='ltr'>leugis</span> 
     </span>
     <span class='ocr_line' id='line_1_15' title="bbox 170 709 1561 764; baseline -0.004 -7"><span class='ocrx_word' id='word_1_78' title='bbox 170 717 323 758; x_wconf 89' lang='lat' dir='ltr'>itinera</span> <span class='ocrx_word' id='word_1_79' title='bbox 343 714 587 755; x_wconf 89' lang='lat' dir='ltr'>metiuntur.</span> <span class='ocrx_word' id='word_1_80' title='bbox 623 714 688 754; x_wconf 78' lang='lat'>18.</span> <span class='ocrx_word' id='word_1_81' title='bbox 703 712 799 753; x_wconf 89' lang='lat' dir='ltr'>hinc</span> <span class='ocrx_word' id='word_1_82' title='bbox 815 711 1047 752; x_wconf 85' lang='lat' dir='ltr'>Rhodanus</span> <span class='ocrx_word' id='word_1_83' title='bbox 1069 710 1188 764; x_wconf 84' lang='lat' dir='ltr'>aquis</span> <span class='ocrx_word' id='word_1_84' title='bbox 1210 709 1385 752; x_wconf 85' lang='lat' dir='ltr'>aduenis</span> <span class='ocrx_word' id='word_1_85' title='bbox 1407 710 1519 752; x_wconf 88' lang='lat' dir='ltr'>locu-</span> <span class='ocrx_word' id='word_1_86' title='bbox 1540 719 1561 744; x_wconf 89' lang='lat'>1·</span> 
     </span>
     <span class='ocr_line' id='line_1_16' title="bbox 170 769 1521 829; baseline -0.004 -14"><span class='ocrx_word' id='word_1_87' title='bbox 170 775 327 829; x_wconf 87' lang='lat' dir='ltr'>pletior</span> <span class='ocrx_word' id='word_1_88' title='bbox 370 772 491 814; x_wconf 89' lang='lat' dir='ltr'>uehit</span> <span class='ocrx_word' id='word_1_89' title='bbox 535 771 843 826; x_wconf 86' lang='lat' dir='ltr'>grandissimas</span> <span class='ocrx_word' id='word_1_90' title='bbox 887 783 1042 821; x_wconf 87' lang='lat' dir='ltr'>naues,</span> <span class='ocrx_word' id='word_1_91' title='bbox 1084 772 1309 810; x_wconf 87' lang='lat' dir='ltr'>uentorum</span> <span class='ocrx_word' id='word_1_92' title='bbox 1353 769 1521 810; x_wconf 86' lang='lat' dir='ltr'>difflatu</span> 
     </span>
     <span class='ocr_line' id='line_1_17' title="bbox 169 827 1520 885; baseline -0.004 -11"><span class='ocrx_word' id='word_1_93' title='bbox 169 833 321 875; x_wconf 88' lang='lat' dir='ltr'>iactari</span> <span class='ocrx_word' id='word_1_94' title='bbox 354 832 521 885; x_wconf 88' lang='lat' dir='ltr'>saepius</span> <span class='ocrx_word' id='word_1_95' title='bbox 561 831 755 871; x_wconf 86' lang='lat' dir='ltr'>adsuetas</span> <span class='ocrx_word' id='word_1_96' title='bbox 795 829 1011 882; x_wconf 88' lang='lat' dir='ltr'>finitisque</span> <span class='ocrx_word' id='word_1_97' title='bbox 1051 827 1304 880; x_wconf 88' lang='lat' dir='ltr'>interuallis,</span> <span class='ocrx_word' id='word_1_98' title='bbox 1342 842 1449 882; x_wconf 88' lang='lat' dir='ltr'>quae</span> <span class='ocrx_word' id='word_1_99' title='bbox 1481 828 1520 868; x_wconf 88' lang='lat' dir='ltr'>ei</span> 
     </span>
     <span class='ocr_line' id='line_1_18' title="bbox 172 886 1520 944; baseline -0.004 -11"><span class='ocrx_word' id='word_1_100' title='bbox 172 895 325 933; x_wconf 85' lang='lat' dir='ltr'>natura</span> <span class='ocrx_word' id='word_1_101' title='bbox 358 889 646 944; x_wconf 77' lang='lat' dir='ltr'>praescripsit,</span> <span class='ocrx_word' id='word_1_102' title='bbox 679 903 877 942; x_wconf 82' lang='lat' dir='ltr'>spumeus</span> <span class='ocrx_word' id='word_1_103' title='bbox 899 887 1067 928; x_wconf 76' lang='lat' dir='ltr'>Gallico</span> <span class='ocrx_word' id='word_1_104' title='bbox 1101 886 1211 928; x_wconf 89' lang='lat' dir='ltr'>mari</span> <span class='ocrx_word' id='word_1_105' title='bbox 1243 900 1520 940; x_wconf 85' lang='lat' dir='ltr'>concorpora-</span> 
     </span>
     <span class='ocr_line' id='line_1_19' title="bbox 170 945 1518 1004; baseline -0.005 -12"><span class='ocrx_word' id='word_1_106' title='bbox 170 953 240 992; x_wconf 88' lang='lat' dir='ltr'>tur</span> <span class='ocrx_word' id='word_1_107' title='bbox 271 964 346 1004; x_wconf 87' lang='lat' dir='ltr'>per</span> <span class='ocrx_word' id='word_1_108' title='bbox 378 949 572 1003; x_wconf 90' lang='lat' dir='ltr'>patulum</span> <span class='ocrx_word' id='word_1_109' title='bbox 605 948 756 1000; x_wconf 79' lang='lat' dir='ltr'>sinum,</span> <span class='ocrx_word' id='word_1_110' title='bbox 790 961 914 1000; x_wconf 84' lang='lat' dir='ltr'>quem</span> <span class='ocrx_word' id='word_1_111' title='bbox 935 949 1090 986; x_wconf 80' lang='lat' dir='ltr'>uocant</span> <span class='ocrx_word' id='word_1_112' title='bbox 1120 945 1157 986; x_wconf 80' lang='lat' dir='ltr'>A</span> <span class='ocrx_word' id='word_1_113' title='bbox 1169 945 1194 985; x_wconf 90' lang='grc'>(1</span> <span class='ocrx_word' id='word_1_114' title='bbox 1227 945 1433 999; x_wconf 84' lang='lat' dir='ltr'>gradus,</span> <span class='ocrx_word' id='word_1_115' title='bbox 1465 945 1518 986; x_wconf 88' lang='lat' dir='ltr'>ab</span> 
     </span>
     <span class='ocr_line' id='line_1_20' title="bbox 170 1003 1563 1058; baseline -0.005 -7"><span class='ocrx_word' id='word_1_116' title='bbox 170 1009 347 1051; x_wconf 86' lang='lat' dir='ltr'>Arelate</span> <span class='ocrx_word' id='word_1_117' title='bbox 387 1010 538 1048; x_wconf 81' lang='lat' dir='ltr'>octauo</span> <span class='ocrx_word' id='word_1_118' title='bbox 579 1007 740 1047; x_wconf 85' lang='lat' dir='ltr'>decimo</span> <span class='ocrx_word' id='word_1_119' title='bbox 779 1007 910 1046; x_wconf 81' lang='lat' dir='ltr'>ferme</span> <span class='ocrx_word' id='word_1_120' title='bbox 949 1004 1088 1058; x_wconf 86' lang='lat' dir='ltr'>lapide</span> <span class='ocrx_word' id='word_1_121' title='bbox 1127 1004 1402 1057; x_wconf 81' lang='lat' dir='ltr'>disparatum.</span> <span class='ocrx_word' id='word_1_122' title='bbox 1463 1003 1563 1044; x_wconf 76' lang='lat' dir='ltr'>situ</span> 
     </span>
     <span class='ocr_line' id='line_1_21' title="bbox 171 1062 1521 1117; baseline -0.004 -9"><span class='ocrx_word' id='word_1_123' title='bbox 171 1067 278 1108; x_wconf 86' lang='lat' dir='ltr'>satis</span> <span class='ocrx_word' id='word_1_124' title='bbox 316 1067 366 1107; x_wconf 89' lang='lat' dir='ltr'>de</span> <span class='ocrx_word' id='word_1_125' title='bbox 406 1067 491 1107; x_wconf 89' lang='lat' dir='ltr'>situ</span> <span class='ocrx_word' id='word_1_126' title='bbox 530 1066 733 1106; x_wconf 83' lang='lat' dir='ltr'>locorum.</span> <span class='ocrx_word' id='word_1_127' title='bbox 795 1078 903 1104; x_wconf 86' lang='lat' dir='ltr'>nunc</span> <span class='ocrx_word' id='word_1_128' title='bbox 942 1065 1100 1117; x_wconf 79' lang='lat' dir='ltr'>figuras</span> <span class='ocrx_word' id='word_1_129' title='bbox 1135 1065 1176 1103; x_wconf 88' lang='lat' dir='ltr'>et</span> <span class='ocrx_word' id='word_1_130' title='bbox 1208 1076 1346 1103; x_wconf 87' lang='lat' dir='ltr'>mores</span> <span class='ocrx_word' id='word_1_131' title='bbox 1386 1062 1521 1103; x_wconf 88' lang='grc'>1101111-</span> 
     </span>
     <span class='ocr_line' id='line_1_22' title="bbox 170 1125 553 1178; baseline -0.005 -12"><span class='ocrx_word' id='word_1_132' title='bbox 170 1140 273 1167; x_wconf 89' lang='lat' dir='ltr'>num</span> <span class='ocrx_word' id='word_1_133' title='bbox 305 1125 553 1178; x_wconf 81' lang='lat' dir='ltr'>designabo.</span> 
     </span>
    </p>

    <p class='ocr_par' dir='ltr' id='par_1_4' title="bbox 172 1178 1573 1998">
     <span class='ocr_line' id='line_1_23' title="bbox 295 1178 1522 1232; baseline -0.003 -8"><span class='ocrx_word' id='word_1_134' title='bbox 295 1182 368 1224; x_wconf 78' lang='lat'>1⁶2.</span> <span class='ocrx_word' id='word_1_135' title='bbox 394 1185 429 1224; x_wconf 90' lang='lat'>1.</span> <span class='ocrx_word' id='word_1_136' title='bbox 445 1182 649 1224; x_wconf 72' lang='lat' dir='ltr'>Celsioris</span> <span class='ocrx_word' id='word_1_137' title='bbox 671 1185 859 1223; x_wconf 83' lang='lat' dir='ltr'>staturae</span> <span class='ocrx_word' id='word_1_138' title='bbox 880 1183 923 1221; x_wconf 87' lang='lat' dir='ltr'>et</span> <span class='ocrx_word' id='word_1_139' title='bbox 942 1178 1110 1221; x_wconf 90' lang='lat' dir='ltr'>candidi</span> <span class='ocrx_word' id='word_1_140' title='bbox 1131 1193 1264 1232; x_wconf 84' lang='lat' dir='ltr'>paene</span> <span class='ocrx_word' id='word_1_141' title='bbox 1285 1179 1402 1221; x_wconf 77' lang='lat' dir='ltr'>Galli</span> <span class='ocrx_word' id='word_1_142' title='bbox 1423 1181 1522 1221; x_wconf 86' lang='lat' dir='ltr'>sunt</span> 
     </span>
     <span class='ocr_line' id='line_1_24' title="bbox 173 1233 1522 1293; baseline -0.004 -9"><span class='ocrx_word' id='word_1_143' title='bbox 173 1258 319 1284; x_wconf 88' lang='lat' dir='ltr'>omnes</span> <span class='ocrx_word' id='word_1_144' title='bbox 353 1244 395 1283; x_wconf 88' lang='lat' dir='ltr'>ct</span> <span class='ocrx_word' id='word_1_145' title='bbox 425 1241 546 1282; x_wconf 88' lang='lat' dir='ltr'>rutili</span> <span class='ocrx_word' id='word_1_146' title='bbox 578 1241 871 1293; x_wconf 89' lang='lat' dir='ltr'>luminumque</span> <span class='ocrx_word' id='word_1_147' title='bbox 904 1238 1108 1280; x_wconf 81' lang='lat' dir='ltr'>toruitate</span> <span class='ocrx_word' id='word_1_148' title='bbox 1141 1237 1369 1291; x_wconf 78' lang='lat' dir='ltr'>terribiles,</span> <span class='ocrx_word' id='word_1_149' title='bbox 1407 1233 1522 1280; x_wconf 71' lang='lat' dir='ltr'>au⁶idi</span> 
     </span>
     <span class='ocr_line' id='line_1_25' title="bbox 172 1296 1522 1355; baseline -0.004 -12"><span class='ocrx_word' id='word_1_150' title='bbox 172 1302 412 1355; x_wconf 88' lang='lat' dir='ltr'>iurgiorum</span> <span class='ocrx_word' id='word_1_151' title='bbox 457 1304 499 1341; x_wconf 87' lang='lat' dir='ltr'>et</span> <span class='ocrx_word' id='word_1_152' title='bbox 543 1300 754 1341; x_wconf 85' lang='lat' dir='ltr'>sublatius</span> <span class='ocrx_word' id='word_1_153' title='bbox 799 1298 1045 1339; x_wconf 75' lang='lat' dir='ltr'>insolentes.</span> <span class='ocrx_word' id='word_1_154' title='bbox 1106 1311 1182 1337; x_wconf 89' lang='grc'>1199</span> <span class='ocrx_word' id='word_1_155' title='bbox 1222 1296 1335 1338; x_wconf 89' lang='lat' dir='ltr'>enim</span> <span class='ocrx_word' id='word_1_156' title='bbox 1374 1311 1522 1338; x_wconf 90' lang='lat' dir='ltr'>eorum</span> 
     </span>
     <span class='ocr_line' id='line_1_26' title="bbox 173 1355 1523 1414; baseline -0.004 -14"><span class='ocrx_word' id='word_1_157' title='bbox 173 1373 428 1414; x_wconf 85' lang='lat' dir='ltr'>quemquam</span> <span class='ocrx_word' id='word_1_158' title='bbox 461 1358 655 1399; x_wconf 83' lang='lat' dir='ltr'>adhibita</span> <span class='ocrx_word' id='word_1_159' title='bbox 686 1372 814 1399; x_wconf 84' lang='lat' dir='ltr'>uxore</span> <span class='ocrx_word' id='word_1_160' title='bbox 847 1357 1070 1407; x_wconf 81' lang='lat' dir='ltr'>rixa-ntem,</span> <span class='ocrx_word' id='word_1_161' title='bbox 1103 1355 1238 1396; x_wconf 89' lang='lat' dir='ltr'>multo</span> <span class='ocrx_word' id='word_1_162' title='bbox 1271 1355 1448 1396; x_wconf 87' lang='lat' dir='ltr'>fortiore</span> <span class='ocrx_word' id='word_1_163' title='bbox 1481 1358 1523 1396; x_wconf 90' lang='lat' dir='ltr'>et</span> 
     </span>
     <span class='ocr_line' id='line_1_27' title="bbox 173 1413 1522 1473; baseline -0.004 -13"><span class='ocrx_word' id='word_1_164' title='bbox 173 1419 337 1473; x_wconf 85' lang='lat' dir='ltr'>glauca,</span> <span class='ocrx_word' id='word_1_165' title='bbox 370 1418 694 1471; x_wconf 85' lang='lat' dir='ltr'>peregrinorum</span> <span class='ocrx_word' id='word_1_166' title='bbox 715 1417 825 1457; x_wconf 87' lang='lat' dir='ltr'>ferre</span> <span class='ocrx_word' id='word_1_167' title='bbox 845 1415 1003 1469; x_wconf 85' lang='lat' dir='ltr'>poterit</span> <span class='ocrx_word' id='word_1_168' title='bbox 1026 1414 1195 1468; x_wconf 83' lang='lat' dir='ltr'>globus,</span> <span class='ocrx_word' id='word_1_169' title='bbox 1226 1417 1317 1455; x_wconf 89' lang='lat' dir='ltr'>tum</span> <span class='ocrx_word' id='word_1_170' title='bbox 1338 1413 1522 1455; x_wconf 79' lang='lat' dir='ltr'>maxime</span> 
     </span>
     <span class='ocr_line' id='line_1_28' title="bbox 173 1472 1522 1527; baseline -0.003 -10"><span class='ocrx_word' id='word_1_171' title='bbox 173 1492 267 1518; x_wconf 86' lang='grc'>911111</span> <span class='ocrx_word' id='word_1_172' title='bbox 288 1477 363 1517; x_wconf 86' lang='lat' dir='ltr'>illa</span> <span class='ocrx_word' id='word_1_173' title='bbox 385 1476 532 1517; x_wconf 86' lang='lat' dir='ltr'>inflata</span> <span class='ocrx_word' id='word_1_174' title='bbox 553 1477 716 1517; x_wconf 88' lang='lat' dir='ltr'>ceruice</span> <span class='ocrx_word' id='word_1_175' title='bbox 743 1474 1004 1516; x_wconf 84' lang='lat' dir='ltr'>suffrendcns</span> <span class='ocrx_word' id='word_1_176' title='bbox 1032 1472 1355 1527; x_wconf 82' lang='lat' dir='ltr'>ponderansque</span> <span class='ocrx_word' id='word_1_177' title='bbox 1375 1472 1522 1513; x_wconf 85' lang='lat' dir='ltr'>niueas</span> 
     </span>
     <span class='ocr_line' id='line_1_29' title="bbox 172 1531 1524 1585; baseline -0.003 -9"><span class='ocrx_word' id='word_1_178' title='bbox 172 1537 295 1577; x_wconf 84' lang='lat' dir='ltr'>ulnas</span> <span class='ocrx_word' id='word_1_179' title='bbox 341 1538 382 1576; x_wconf 83' lang='lat' dir='ltr'>ct</span> <span class='ocrx_word' id='word_1_180' title='bbox 425 1538 569 1576; x_wconf 84' lang='lat' dir='ltr'>uastas</span> <span class='ocrx_word' id='word_1_181' title='bbox 616 1534 815 1576; x_wconf 84' lang='lat' dir='ltr'>admixtis</span> <span class='ocrx_word' id='word_1_182' title='bbox 861 1532 1049 1573; x_wconf 85' lang='lat' dir='ltr'>calcibus</span> <span class='ocrx_word' id='word_1_183' title='bbox 1095 1532 1290 1572; x_wconf 87' lang='lat' dir='ltr'>emittere</span> <span class='ocrx_word' id='word_1_184' title='bbox 1335 1531 1524 1585; x_wconf 86' lang='lat' dir='ltr'>coeperit</span> 
     </span>
     <span class='ocr_line' id='line_1_30' title="bbox 173 1590 1567 1649; baseline -0.004 -13"><span class='ocrx_word' id='word_1_185' title='bbox 173 1608 339 1649; x_wconf 88' lang='lat' dir='ltr'>pugnos</span> <span class='ocrx_word' id='word_1_186' title='bbox 363 1596 411 1634; x_wconf 89' lang='lat' dir='ltr'>ut</span> <span class='ocrx_word' id='word_1_187' title='bbox 437 1594 675 1647; x_wconf 78' lang='lat' dir='ltr'>catapultas</span> <span class='ocrx_word' id='word_1_188' title='bbox 702 1592 922 1634; x_wconf 85' lang='lat' dir='ltr'>tortilibus</span> <span class='ocrx_word' id='word_1_189' title='bbox 943 1590 1085 1631; x_wconf 85' lang='lat' dir='ltr'>neruis</span> <span class='ocrx_word' id='word_1_190' title='bbox 1115 1605 1324 1631; x_wconf 82' lang='lat' dir='ltr'>excussas.</span> <span class='ocrx_word' id='word_1_191' title='bbox 1374 1590 1412 1631; x_wconf 71' lang='lat'>2.</span> <span class='ocrx_word' id='word_1_192' title='bbox 1439 1604 1523 1630; x_wconf 90' lang='lat' dir='ltr'>me-</span> <span class='ocrx_word' id='word_1_193' title='bbox 1541 1604 1567 1630; x_wconf 79' lang='grc'>9.</span> 
     </span>
     <span class='ocr_line' id='line_1_31' title="bbox 172 1648 1524 1707; baseline -0.004 -13"><span class='ocrx_word' id='word_1_194' title='bbox 172 1653 353 1695; x_wconf 87' lang='lat' dir='ltr'>tuendae</span> <span class='ocrx_word' id='word_1_195' title='bbox 381 1666 505 1692; x_wconf 83' lang='lat' dir='ltr'>uoces</span> <span class='ocrx_word' id='word_1_196' title='bbox 539 1652 806 1707; x_wconf 86' lang='lat' dir='ltr'>conplurium</span> <span class='ocrx_word' id='word_1_197' title='bbox 827 1653 869 1691; x_wconf 86' lang='lat' dir='ltr'>ct</span> <span class='ocrx_word' id='word_1_198' title='bbox 888 1650 1074 1690; x_wconf 80' lang='lat' dir='ltr'>minaces</span> <span class='ocrx_word' id='word_1_199' title='bbox 1108 1649 1371 1702; x_wconf 86' lang='lat' dir='ltr'>placatorum</span> <span class='ocrx_word' id='word_1_200' title='bbox 1403 1648 1524 1690; x_wconf 82' lang='lat' dir='ltr'>iuxta</span> 
     </span>
     <span class='ocr_line' id='line_1_32' title="bbox 174 1707 1573 1763; baseline -0.004 -10"><span class='ocrx_word' id='word_1_201' title='bbox 174 1716 216 1753; x_wconf 90' lang='lat' dir='ltr'>et</span> <span class='ocrx_word' id='word_1_202' title='bbox 253 1710 541 1763; x_wconf 83' lang='lat' dir='ltr'>irascentium,</span> <span class='ocrx_word' id='word_1_203' title='bbox 579 1710 682 1752; x_wconf 85' lang='lat' dir='ltr'>tersi</span> <span class='ocrx_word' id='word_1_204' title='bbox 721 1713 865 1752; x_wconf 85' lang='lat' dir='ltr'>tamen</span> <span class='ocrx_word' id='word_1_205' title='bbox 903 1708 996 1762; x_wconf 89' lang='lat' dir='ltr'>pari</span> <span class='ocrx_word' id='word_1_206' title='bbox 1035 1707 1261 1762; x_wconf 85' lang='lat' dir='ltr'>diligentia</span> <span class='ocrx_word' id='word_1_207' title='bbox 1299 1707 1439 1748; x_wconf 88' lang='lat' dir='ltr'>cuncti</span> <span class='ocrx_word' id='word_1_208' title='bbox 1482 1709 1524 1747; x_wconf 87' lang='lat' dir='ltr'>et</span> <span class='ocrx_word' id='word_1_209' title='bbox 1572 1718 1573 1748; x_wconf 59' lang='grc'>1</span> 
     </span>
     <span class='ocr_line' id='line_1_33' title="bbox 173 1763 1573 1822; baseline -0.004 -11"><span class='ocrx_word' id='word_1_210' title='bbox 173 1770 331 1822; x_wconf 90' lang='lat' dir='ltr'>mundi,</span> <span class='ocrx_word' id='word_1_211' title='bbox 368 1783 444 1809; x_wconf 88' lang='grc'>1199</span> <span class='ocrx_word' id='word_1_212' title='bbox 484 1770 526 1810; x_wconf 86' lang='grc'>111</span> <span class='ocrx_word' id='word_1_213' title='bbox 564 1770 772 1811; x_wconf 80' lang='lat' dir='ltr'>tractibus</span> <span class='ocrx_word' id='word_1_214' title='bbox 812 1768 899 1808; x_wconf 88' lang='lat' dir='ltr'>illis</span> <span class='ocrx_word' id='word_1_215' title='bbox 939 1767 1205 1821; x_wconf 82' lang='lat' dir='ltr'>maximeque</span> <span class='ocrx_word' id='word_1_216' title='bbox 1244 1765 1355 1820; x_wconf 90' lang='lat' dir='ltr'>apud</span> <span class='ocrx_word' id='word_1_217' title='bbox 1391 1765 1524 1820; x_wconf 88' lang='lat' dir='ltr'>Aqui·</span> <span class='ocrx_word' id='word_1_218' title='bbox 1572 1763 1573 1807; x_wconf 65' lang='grc' dir='ltr'>ἶ</span> 
     </span>
     <span class='ocr_line' id='line_1_34' title="bbox 172 1825 1523 1882; baseline -0.003 -13"><span class='ocrx_word' id='word_1_219' title='bbox 172 1832 297 1870; x_wconf 88' lang='lat' dir='ltr'>tanos</span> <span class='ocrx_word' id='word_1_220' title='bbox 330 1828 490 1882; x_wconf 84' lang='lat' dir='ltr'>poterit</span> <span class='ocrx_word' id='word_1_221' title='bbox 522 1828 677 1882; x_wconf 84' lang='lat' dir='ltr'>aliquis</span> <span class='ocrx_word' id='word_1_222' title='bbox 710 1827 845 1868; x_wconf 86' lang='lat' dir='ltr'>uideri</span> <span class='ocrx_word' id='word_1_223' title='bbox 884 1826 952 1867; x_wconf 85' lang='grc'>1191</span> <span class='ocrx_word' id='word_1_224' title='bbox 991 1825 1150 1866; x_wconf 86' lang='lat' dir='ltr'>femina</span> <span class='ocrx_word' id='word_1_225' title='bbox 1183 1825 1283 1866; x_wconf 88' lang='lat' dir='ltr'>licet</span> <span class='ocrx_word' id='word_1_226' title='bbox 1319 1838 1523 1879; x_wconf 87' lang='lat' dir='ltr'>perquam</span> 
     </span>
     <span class='ocr_line' id='line_1_35' title="bbox 172 1882 1573 1942; baseline -0.005 -12"><span class='ocrx_word' id='word_1_227' title='bbox 172 1902 334 1942; x_wconf 89' lang='lat' dir='ltr'>pauper</span> <span class='ocrx_word' id='word_1_228' title='bbox 366 1889 413 1927; x_wconf 90' lang='lat' dir='ltr'>ut</span> <span class='ocrx_word' id='word_1_229' title='bbox 444 1887 549 1928; x_wconf 90' lang='lat' dir='ltr'>alibi</span> <span class='ocrx_word' id='word_1_230' title='bbox 580 1887 728 1929; x_wconf 84' lang='lat' dir='ltr'>frustis</span> <span class='ocrx_word' id='word_1_231' title='bbox 751 1884 945 1940; x_wconf 85' lang='lat' dir='ltr'>squalere</span> <span class='ocrx_word' id='word_1_232' title='bbox 972 1898 1221 1937; x_wconf 73' lang='lat' dir='ltr'>palmorum.</span> <span class='ocrx_word' id='word_1_233' title='bbox 1271 1884 1309 1924; x_wconf 82' lang='lat'>3.</span> <span class='ocrx_word' id='word_1_234' title='bbox 1335 1883 1388 1925; x_wconf 91' lang='lat' dir='ltr'>ad</span> <span class='ocrx_word' id='word_1_235' title='bbox 1414 1882 1524 1924; x_wconf 86' lang='lat' dir='ltr'>mili·</span> <span class='ocrx_word' id='word_1_236' title='bbox 1543 1892 1573 1930; x_wconf 65' lang='grc'>911</span> 
     </span>
     <span class='ocr_line' id='line_1_36' title="bbox 173 1942 1524 1998; baseline -0.004 -11"><span class='ocrx_word' id='word_1_237' title='bbox 173 1946 348 1987; x_wconf 80' lang='lat' dir='ltr'>tandum</span> <span class='ocrx_word' id='word_1_238' title='bbox 381 1946 519 1987; x_wconf 86' lang='lat' dir='ltr'>onmis</span> <span class='ocrx_word' id='word_1_239' title='bbox 553 1949 669 1987; x_wconf 87' lang='lat' dir='ltr'>aetas</span> <span class='ocrx_word' id='word_1_240' title='bbox 704 1944 926 1998; x_wconf 84' lang='lat' dir='ltr'>aptissima</span> <span class='ocrx_word' id='word_1_241' title='bbox 958 1946 1000 1983; x_wconf 89' lang='lat' dir='ltr'>et</span> <span class='ocrx_word' id='word_1_242' title='bbox 1031 1943 1123 1996; x_wconf 84' lang='lat' dir='ltr'>pari</span> <span class='ocrx_word' id='word_1_243' title='bbox 1157 1942 1340 1997; x_wconf 85' lang='lat' dir='ltr'>pectoris</span> <span class='ocrx_word' id='word_1_244' title='bbox 1373 1942 1524 1983; x_wconf 86' lang='lat' dir='ltr'>robore</span> 
     </span>
    </p>
   </div>
   <div class='ocr_carea' id='block_1_4' title="bbox 175 2056 1573 2416">
    <p class='ocr_par' dir='ltr' id='par_1_5' title="bbox 175 2056 1573 2416">
     <span class='ocr_line' id='line_1_37' title="bbox 266 2056 1525 2104; baseline -0.004 -10"><span class='ocrx_word' id='word_1_245' title='bbox 266 2061 314 2094; x_wconf 80' lang='lat'>*2</span> <span class='ocrx_word' id='word_1_246' title='bbox 352 2061 540 2104; x_wconf 78' lang='lat' dir='ltr'>segniores</span> <span class='ocrx_word' id='word_1_247' title='bbox 584 2059 617 2092; x_wconf 73' lang='grc' dir='ltr'>Γ</span> <span class='ocrx_word' id='word_1_248' title='bbox 649 2069 715 2094; x_wconf 86' lang='lat' dir='ltr'>om.</span> <span class='ocrx_word' id='word_1_249' title='bbox 759 2059 837 2103; x_wconf 66' lang='lat' dir='ltr'>Pby</span> <span class='ocrx_word' id='word_1_250' title='bbox 936 2057 1174 2101; x_wconf 71' lang='lat' dir='ltr'>*quaeritans</span> <span class='ocrx_word' id='word_1_251' title='bbox 1211 2057 1278 2101; x_wconf 73' lang='lat' dir='ltr'>bya</span> <span class='ocrx_word' id='word_1_252' title='bbox 1315 2056 1453 2090; x_wconf 82' lang='lat' dir='ltr'>eritans</span> <span class='ocrx_word' id='word_1_253' title='bbox 1490 2056 1525 2090; x_wconf 94' lang='lat' dir='ltr'><strong><em>P</em></strong></span> 
     </span>
     <span class='ocr_line' id='line_1_38' title="bbox 181 2099 1527 2152; baseline -0.004 -13"><span class='ocrx_word' id='word_1_254' title='bbox 181 2106 316 2139; x_wconf 63' lang='lat' dir='ltr'>eritans</span> <span class='ocrx_word' id='word_1_255' title='bbox 346 2104 380 2138; x_wconf 79' lang='lat' dir='ltr'><em>V</em></span> <span class='ocrx_word' id='word_1_256' title='bbox 468 2109 488 2138; x_wconf 79' lang='lat'>4</span> <span class='ocrx_word' id='word_1_257' title='bbox 514 2103 739 2148; x_wconf 82' lang='lat' dir='ltr'>Sapaudiam</span> <span class='ocrx_word' id='word_1_258' title='bbox 770 2103 935 2137; x_wconf 78' lang='lat' dir='ltr'>Valesius</span> <span class='ocrx_word' id='word_1_259' title='bbox 958 2112 1075 2146; x_wconf 79' lang='lat' dir='ltr'>pensa</span> <span class='ocrx_word' id='word_1_260' title='bbox 1104 2100 1283 2152; x_wconf 80' lang='lat' dir='ltr'>paudium</span> <span class='ocrx_word' id='word_1_261' title='bbox 1317 2100 1384 2136; x_wconf 81' lang='lat' dir='ltr'>VP</span> <span class='ocrx_word' id='word_1_262' title='bbox 1411 2099 1527 2135; x_wconf 86' lang='lat' dir='ltr'>densa</span> 
     </span>
     <span class='ocr_line' id='line_1_39' title="bbox 176 2145 1524 2194; baseline -0.003 -11"><span class='ocrx_word' id='word_1_263' title='bbox 176 2149 370 2194; x_wconf 84' lang='lat' dir='ltr'>paludium</span> <span class='ocrx_word' id='word_1_264' title='bbox 400 2149 466 2192; x_wconf 70' lang='lat' dir='ltr'>hya</span> <span class='ocrx_word' id='word_1_265' title='bbox 558 2153 576 2182; x_wconf 84' lang='lat'>7</span> <span class='ocrx_word' id='word_1_266' title='bbox 603 2148 938 2182; x_wconf 84' lang='lat' dir='ltr'>inter—fluentem</span> <span class='ocrx_word' id='word_1_267' title='bbox 968 2147 1076 2181; x_wconf 69' lang='lat' dir='ltr'>‘tcum&#39;s</span> <span class='ocrx_word' id='word_1_268' title='bbox 1106 2146 1241 2180; x_wconf 78' lang='lat' dir='ltr'>melusi</span> <span class='ocrx_word' id='word_1_269' title='bbox 1337 2148 1358 2180; x_wconf 88' lang='grc'>8</span> <span class='ocrx_word' id='word_1_270' title='bbox 1390 2145 1428 2179; x_wconf 86' lang='grc'>111</span> <span class='ocrx_word' id='word_1_271' title='bbox 1455 2145 1524 2179; x_wconf 79' lang='lat' dir='ltr'>GA</span> 
     </span>
     <span class='ocr_line' id='line_1_40' title="bbox 175 2189 1525 2229; baseline -0.004 0"><span class='ocrx_word' id='word_1_272' title='bbox 175 2195 214 2229; x_wconf 88' lang='lat' dir='ltr'>et</span> <span class='ocrx_word' id='word_1_273' title='bbox 243 2194 331 2228; x_wconf 87' lang='lat' dir='ltr'>VPb</span> <span class='ocrx_word' id='word_1_274' title='bbox 410 2198 450 2227; x_wconf 87' lang='lat'>10</span> <span class='ocrx_word' id='word_1_275' title='bbox 477 2221 482 2226; x_wconf 94' lang='lat'>.</span> <span class='ocrx_word' id='word_1_276' title='bbox 503 2219 534 2227; x_wconf 91' lang='lat'>..</span> <span class='ocrx_word' id='word_1_277' title='bbox 562 2193 635 2227; x_wconf 89' lang='lat' dir='ltr'>han</span> <span class='ocrx_word' id='word_1_278' title='bbox 654 2220 661 2227; x_wconf 91' lang='lat'><strong><em>.</em></strong></span> <span class='ocrx_word' id='word_1_279' title='bbox 682 2219 688 2226; x_wconf 92' lang='lat'>.</span> <span class='ocrx_word' id='word_1_280' title='bbox 720 2192 908 2227; x_wconf 81' lang='lat' dir='ltr'>rhodanus</span> <span class='ocrx_word' id='word_1_281' title='bbox 939 2190 1004 2227; x_wconf 79' lang='lat' dir='ltr'>VP</span> <span class='ocrx_word' id='word_1_282' title='bbox 1029 2191 1092 2225; x_wconf 89' lang='lat' dir='ltr'>ubi</span> <span class='ocrx_word' id='word_1_283' title='bbox 1117 2191 1247 2225; x_wconf 88' lang='lat' dir='ltr'>auctus</span> <span class='ocrx_word' id='word_1_284' title='bbox 1271 2189 1458 2224; x_wconf 75' lang='lat' dir='ltr'>rhodanus</span> <span class='ocrx_word' id='word_1_285' title='bbox 1482 2189 1525 2224; x_wconf 82' lang='lat' dir='ltr'>ba</span> 
     </span>
     <span class='ocr_line' id='line_1_41' title="bbox 179 2233 1526 2282; baseline -0.002 -10"><span class='ocrx_word' id='word_1_286' title='bbox 179 2239 326 2282; x_wconf 80' lang='lat' dir='ltr'>(auctus</span> <span class='ocrx_word' id='word_1_287' title='bbox 350 2249 416 2272; x_wconf 81' lang='lat' dir='ltr'>om.</span> <span class='ocrx_word' id='word_1_288' title='bbox 444 2238 492 2280; x_wconf 83' lang='lat' dir='ltr'>G)</span> <span class='ocrx_word' id='word_1_289' title='bbox 587 2241 628 2272; x_wconf 91' lang='lat'>18</span> <span class='ocrx_word' id='word_1_290' title='bbox 655 2237 803 2271; x_wconf 87' lang='lat' dir='ltr'>candidi</span> <span class='ocrx_word' id='word_1_291' title='bbox 827 2237 884 2271; x_wconf 88' lang='lat' dir='ltr'>I’b</span> <span class='ocrx_word' id='word_1_292' title='bbox 909 2247 932 2270; x_wconf 86' lang='lat' dir='ltr'>a</span> <span class='ocrx_word' id='word_1_293' title='bbox 966 2235 1074 2272; x_wconf 74' lang='lat' dir='ltr'>cmidi</span> <span class='ocrx_word' id='word_1_294' title='bbox 1103 2234 1136 2269; x_wconf 89' lang='lat' dir='ltr'><em>V</em></span> <span class='ocrx_word' id='word_1_295' title='bbox 1224 2239 1268 2269; x_wconf 82' lang='lat'>24</span> <span class='ocrx_word' id='word_1_296' title='bbox 1292 2233 1398 2269; x_wconf 79' lang='lat' dir='ltr'>ulnas</span> <span class='ocrx_word' id='word_1_297' title='bbox 1421 2233 1526 2279; x_wconf 74' lang='lat' dir='ltr'>Pbya</span> 
     </span>
     <span class='ocr_line' id='line_1_42' title="bbox 178 2278 1526 2324; baseline -0.003 -7"><span class='ocrx_word' id='word_1_298' title='bbox 178 2283 284 2318; x_wconf 85' lang='lat' dir='ltr'>uinas</span> <span class='ocrx_word' id='word_1_299' title='bbox 314 2282 347 2315; x_wconf 82' lang='lat' dir='ltr'><em>V</em></span> <span class='ocrx_word' id='word_1_300' title='bbox 415 2282 576 2317; x_wconf 78' lang='lat' dir='ltr'>calcibus</span> <span class='ocrx_word' id='word_1_301' title='bbox 600 2283 635 2316; x_wconf 81' lang='lat' dir='ltr'><strong><em>A</em></strong></span> <span class='ocrx_word' id='word_1_302' title='bbox 672 2282 719 2316; x_wconf 83' lang='lat' dir='ltr'>ad</span> <span class='ocrx_word' id='word_1_303' title='bbox 745 2281 848 2316; x_wconf 79' lang='lat' dir='ltr'>cibus</span> <span class='ocrx_word' id='word_1_304' title='bbox 908 2281 945 2315; x_wconf 90' lang='lat' dir='ltr'><strong><em>P</em></strong></span> <span class='ocrx_word' id='word_1_305' title='bbox 969 2281 1016 2316; x_wconf 85' lang='lat' dir='ltr'>ad</span> <span class='ocrx_word' id='word_1_306' title='bbox 1042 2279 1143 2315; x_wconf 79' lang='lat' dir='ltr'>cibos</span> <span class='ocrx_word' id='word_1_307' title='bbox 1169 2280 1214 2324; x_wconf 72' lang='lat' dir='ltr'>by</span> <span class='ocrx_word' id='word_1_308' title='bbox 1281 2282 1324 2313; x_wconf 76' lang='lat'>28</span> <span class='ocrx_word' id='word_1_309' title='bbox 1348 2278 1526 2314; x_wconf 80' lang='lat' dir='ltr'>fractibus</span> 
     </span>
     <span class='ocr_line' id='line_1_43' title="bbox 182 2322 1573 2372; baseline -0.004 -10"><span class='ocrx_word' id='word_1_310' title='bbox 182 2327 250 2362; x_wconf 86' lang='lat' dir='ltr'>VP</span> <span class='ocrx_word' id='word_1_311' title='bbox 333 2338 431 2372; x_wconf 83' lang='lat' dir='ltr'>aqua</span> <span class='ocrx_word' id='word_1_312' title='bbox 463 2327 545 2370; x_wconf 82' lang='lat' dir='ltr'>[lac.</span> <span class='ocrx_word' id='word_1_313' title='bbox 580 2330 620 2360; x_wconf 79' lang='lat'>12</span> <span class='ocrx_word' id='word_1_314' title='bbox 645 2327 727 2371; x_wconf 65' lang='lat' dir='ltr'>lim]</span> <span class='ocrx_word' id='word_1_315' title='bbox 789 2325 903 2360; x_wconf 73' lang='lat' dir='ltr'>otei-it</span> <span class='ocrx_word' id='word_1_316' title='bbox 939 2326 972 2359; x_wconf 90' lang='lat' dir='ltr'><em>V</em></span> <span class='ocrx_word' id='word_1_317' title='bbox 1052 2328 1095 2359; x_wconf 82' lang='lat'>29</span> <span class='ocrx_word' id='word_1_318' title='bbox 1120 2324 1236 2368; x_wconf 81' lang='lat' dir='ltr'>aliqui</span> <span class='ocrx_word' id='word_1_319' title='bbox 1264 2333 1449 2368; x_wconf 73' lang='lat' dir='ltr'>suprascr.</span> <span class='ocrx_word' id='word_1_320' title='bbox 1480 2322 1527 2356; x_wconf 83' lang='lat' dir='ltr'>V²</span> <span class='ocrx_word' id='word_1_321' title='bbox 1572 2346 1573 2349; x_wconf 25' lang='lat'>¹</span> 
     </span>
     <span class='ocr_line' id='line_1_44' title="bbox 177 2369 1453 2416; baseline -0.004 -9"><span class='ocrx_word' id='word_1_322' title='bbox 177 2382 243 2407; x_wconf 85' lang='lat' dir='ltr'>om.</span> <span class='ocrx_word' id='word_1_323' title='bbox 263 2372 298 2406; x_wconf 83' lang='lat' dir='ltr'><em>G</em></span> <span class='ocrx_word' id='word_1_324' title='bbox 313 2371 455 2416; x_wconf 86' lang='lat' dir='ltr'>aliquid</span> <span class='ocrx_word' id='word_1_325' title='bbox 480 2372 500 2406; x_wconf 82' lang='lat' dir='ltr'><em>b</em></span> <span class='ocrx_word' id='word_1_326' title='bbox 546 2375 590 2406; x_wconf 87' lang='lat'>30</span> <span class='ocrx_word' id='word_1_327' title='bbox 608 2371 732 2405; x_wconf 79' lang='lat' dir='ltr'>frustis</span> <span class='ocrx_word' id='word_1_328' title='bbox 778 2386 792 2402; x_wconf 75' lang='lat' dir='ltr'>r</span> <span class='ocrx_word' id='word_1_329' title='bbox 819 2370 956 2405; x_wconf 75' lang='lat' dir='ltr'>frustra</span> <span class='ocrx_word' id='word_1_330' title='bbox 988 2369 1098 2404; x_wconf 81' lang='lat' dir='ltr'>1&#39;Pba</span> <span class='ocrx_word' id='word_1_331' title='bbox 1451 2393 1453 2396; x_wconf 72' lang='lat'><em>.</em></span> 
     </span>
    </p>
   </div>
  </div>
 </body>
</html>
