1573 2508
99 93 184 137 292
578 81 680 119 XXII
709 84 761 123 12,
785 80 908 120 4-13,
934 80 956 112 4

103 185 392 243 perniciosum
430 193 522 222 esse
562 175 824 231 strepebant,
868 169 1056 214 studium
1095 180 1219 209 omne
1258 164 1303 205 in
1341 159 1457 203 diffe-

108 246 237 288 rendo
282 240 507 297 procinctu
550 237 772 291 ponentes.
833 235 877 273 et
921 227 1181 270 dictitabant
1225 223 1292 265 his
1337 234 1458 276 prae-

109 303 316 355 sentibus,
348 313 455 354 quos
476 295 624 338 audita
642 293 800 348 referre
822 289 874 332 ad
906 288 1213 342 imperatorem
1243 294 1368 336 posse
1395 292 1459 320 re-

108 365 287 414 bantur,
325 373 440 411 eum,
477 355 523 396 ni
556 352 745 396 sedatius
779 351 946 403 ageret,
979 343 1193 387 inmodica
1223 354 1366 382 rerum
1398 350 1461 378 se-

111 421 345 464 cimdarum
364 413 666 471 prosperitate,
685 409 806 452 uelut
825 406 1093 449 luxuriantes
1113 401 1309 443 ubertate
1328 396 1464 439 nimia
1481 407 1499 435 5

111 482 272 534 fruges,
303 476 429 519 bonis
463 473 550 515 suis
582 470 780 526 protinus
814 477 1075 508 occasurum.
1136 461 1176 501 4.
1197 461 1240 500 et
1266 457 1374 498 haec
1392 453 1465 496 diu

114 539 383 591 multumque
428 533 644 588 agitantes
689 529 851 569 frustra
896 524 1037 565 uirum
1082 515 1466 561 circumlatrabant

116 596 370 640 inmobilem
409 590 588 634 occultis
627 586 807 639 iniuriis,
848 587 896 625 ut
926 579 1137 636 Pygmaei
1176 576 1245 618 uel
1283 572 1468 615 Thioda-

118 672 210 700 mas
238 653 424 710 agrestis
456 651 586 691 homo
619 645 797 688 Lindius
828 640 1073 685 Herculem.
1136 637 1174 678 5.
1211 635 1286 676 ille
1323 636 1469 674 tamen

118 720 167 758 ut
198 713 374 756 maioris
406 711 576 764 praeter
598 709 762 747 ceteros
796 701 987 756 spiritus,
1018 696 1155 739 nihilo
1192 693 1353 736 lentius
1385 703 1471 731 ma·
1490 702 1525 730 ιο

121 773 391 831 gnitudinem
431 764 716 822 expeditionis
757 775 900 803 secum
939 757 1232 800 commentans
1272 752 1317 793 in
1353 762 1472 804 prae-

120 831 325 889 parandis
358 826 559 882 congruis
593 836 768 878 operam
799 819 989 861 nauabat
1021 814 1202 857 enixam.

243 891 283 932 6.
313 887 570 931 Hostiarum
601 887 748 924 tamen
780 877 988 933 sanguine
1027 873 1213 929 plurimo
1253 882 1350 910 aras
1390 879 1475 908 cre-

123 950 286 994 britate
323 946 458 989 nimia
501 940 803 998 perfimdebat,
847 941 995 978 tauros
1040 930 1302 986 aliquotiens
1342 927 1477 968 inmo-

126 1008 256 1052 lando
278 1009 479 1048 centenos
501 1004 543 1043 et
562 1002 808 1042 innumeros
833 995 941 1037 uarii
973 991 1139 1047 pecoris
1173 1001 1328 1044 greges
1361 998 1479 1026 aues·
1499 996 1533 1023 15

131 1083 212 1124 que
245 1064 446 1108 candidas
479 1065 596 1103 terra
629 1057 845 1114 quaesitas
879 1058 922 1095 et
954 1051 1076 1103 mari,
1109 1049 1212 1091 adeo
1245 1050 1293 1087 ut
1325 1045 1370 1085 in
1389 1043 1479 1084 dies

130 1140 265 1182 paene
299 1122 492 1177 singulos
524 1118 688 1160 milites
721 1114 859 1157 carnis
892 1109 1144 1153 distentiore
1178 1105 1329 1160 sagina
1360 1101 1482 1144 uicti-

131 1188 275 1228 tantes
314 1181 531 1233 incultius,
574 1180 785 1232 potusque
825 1171 1031 1214 auiditate
1071 1165 1280 1219 corrupti,
1322 1159 1483 1204 umeris

136 1242 312 1300 inpositi
344 1237 662 1282 transeuntium
693 1248 768 1288 per
800 1232 969 1286 plateas
1002 1243 1051 1269 ex
1084 1224 1267 1280 publicis
1296 1220 1485 1272 aedibus,

135 1303 210 1345 ubi
241 1298 511 1343 uindicandis
544 1295 689 1350 potius
723 1305 850 1346 quam
882 1284 1160 1331 concedendis
1181 1279 1393 1325 conuiuiis
1426 1279 1487 1319 in·
1505 1291 1540 1318 20

137 1361 386 1416 dulgebant,
432 1357 483 1399 ad
517 1370 592 1396 sua
625 1350 864 1394 diuersoria
903 1346 1193 1402 portarentur,
1235 1338 1487 1382 Petulantes

138 1423 238 1463 ante
271 1432 419 1460 omnes
441 1419 483 1456 et
505 1413 664 1466 Celtae,
697 1423 878 1465 quorum
912 1421 961 1447 ea
992 1403 1250 1457 tempestate
1279 1396 1490 1440 confiden-

138 1480 204 1522 tia
236 1479 428 1520 creuerat
460 1474 576 1515 ultra
607 1469 792 1511 modum.
856 1467 893 1507 7.
926 1463 1192 1518 augebantur
1213 1461 1357 1500 autem
1389 1453 1491 1497 ceri-

142 1537 384 1580 moniarum
405 1535 514 1575 ritus
548 1529 758 1572 inmodice
779 1540 873 1568 cum
907 1524 1183 1577 inpensarum
1210 1513 1492 1570 amplitudine
1552 1512 1560 1538 -'

143 1595 327 1639 antehac
358 1592 568 1634 inusitata
600 1592 642 1630 et
675 1586 815 1641 graui:
849 1586 891 1624 et
923 1581 1115 1636 quisque,
1147 1591 1242 1618 cum
1275 1575 1494 1629 inpraepe-
1514 1556 1561 1626 11εὲ

145 1656 233 1697 dite
266 1653 429 1706 liceret,
463 1648 687 1690 scientiam
708 1641 973 1685 uaticinandi
1006 1638 1237 1693 professus,
1269 1635 1390 1675 iuxta
1421 1631 1497 1672 im·
1547 1630 1560 1682 ᾖ

147 1713 312 1769 peritus
346 1713 389 1752 et
421 1707 584 1761 docilis,
618 1706 708 1746 sine
742 1703 824 1743 fine
859 1700 926 1742 uel
959 1695 1230 1753 praestitutis
1264 1689 1499 1742 ordinibus,
1552 1699 1559 1739 :j

148 1771 420 1815 oraculorum
462 1763 822 1821 permittebantur
863 1757 1009 1800 scitari
1051 1767 1267 1808 responsa,
1306 1753 1350 1792 et
1394 1747 1500 1790 exti-
1555 1754 1559 1765 '·

151 1830 286 1885 spicia
310 1843 398 1870 11011
423 1838 657 1879 numquam
689 1821 835 1862 futura
865 1815 1114 1872 pandentia,
1147 1811 1423 1863 oscinumque
1458 1809 1502 1847 et

151 1888 430 1943 auguriorum
480 1887 522 1924 et
567 1882 757 1924 ominum
807 1877 935 1930 fides,
994 1874 1029 1915 si
1086 1870 1265 1925 reperiri
1321 1879 1502 1922 usquam
1521 1877 1556 1905 so

152 1950 318 2002 posset,
363 1945 563 1987 affectata
606 1940 817 1982 uarietate
864 1933 1162 1990 quaerebatur.
1232 1929 1270 1970 8.
1314 1926 1503 1979 haecque

155 2008 255 2048 dum
300 2006 361 2046 ita
405 2001 641 2057 procedunt
686 2012 802 2038 more
841 1994 978 2048 pacis,
1023 1989 1257 2031 multorum
1297 1982 1505 2027 curiosior

155 2064 349 2107 Iulianus
381 2075 538 2103 nouam
572 2057 741 2100 consilii
775 2054 889 2096 uiam
922 2052 1142 2105 ingressus
1176 2049 1252 2099 est,
1284 2058 1416 2086 uenas
1448 2040 1508 2083 fa·

250 2200 271 2231 8
324 2195 333 2229 i
403 2193 436 2227 ci
467 2192 555 2226 VPb
625 2194 645 2224 9
671 2188 822 2222 Lindius
847 2182 1050 2220 Lindenbr.
1074 2179 1185 2214 lidius
1209 2178 1322 2213 VPba
1370 2174 1508 2209 Hercu-

161 2243 236 2277 lem
274 2207 320 2274 (Ξ)
338 2206 508 2273 ΐὲῑευὶοί
547 2235 614 2271 VP
650 2245 734 2268 cum
770 2229 929 2265 Hercule
968 2229 1012 2262 ba
1106 2228 1147 2259 10
1183 2222 1334 2268 spiritus
1372 2229 1440 2254 om.
1470 2217 1511 2252 rb

165 2290 207 2322 15
237 2296 325 2321 oues
354 2295 399 2318 ue
432 2282 496 2327 baa
597 2281 671 2313 *20
701 2274 948 2312 concedendis
986 2271 1144 2336 Wagner
1175 2265 1374 2303 caedendis
1406 2262 1509 2299 codd.

164 2335 205 2367 21
233 2340 300 2365 sua
350 2327 533 2404 inemori}¹
556 2344 596 2349 —
622 2327 665 2358 22
692 2323 777 2357 ante
803 2319 888 2355 add.
920 2317 974 2352 1⁷¹¹·
1075 2319 1118 2350 30
1143 2312 1307 2348 omnium
1335 2307 1512 2355 Eyssenh.

166 2380 209 2411 33
234 2385 369 2410 nouam
394 2382 459 2407 om.
