1614 2549
526 81 866 117 CONSTANTIVS
892 87 958 118 355
1355 85 1413 127 59

185 175 253 217 27.
269 173 499 229 Susceptus
514 178 660 218 tamen
673 177 786 218 idem
805 177 888 219 dux
903 178 1056 218 leniter
1071 178 1339 232 adactusque,
1354 179 1414 219 iu-

67 234 254 276 clinante
285 234 460 289 negotio
486 236 579 289 ipso
613 236 808 290 ceruices,
840 236 1017 277 adorare
1048 236 1316 278 sollemniter
1344 251 1416 278 an-

66 293 286 334 helantem
318 293 470 335 celsius
503 296 800 348 purpuratum,
832 297 880 336 ut
911 295 1157 349 spectabilis
1191 295 1414 338 colebatur

67 354 111 392 et
140 352 336 393 intimus:
367 352 575 394 facilitate
608 353 747 394 aditus
780 353 1024 408 honoreque
1056 369 1226 396 mensae
1252 354 1412 408 regalis

0 443 1 469 3
31 423 49 450 5
68 410 171 452 adeo
193 411 458 465 antepositus
480 412 590 465 aliis,
610 415 658 453 ut
682 412 768 453 iam
789 412 992 453 secretius
1014 413 1064 454 de
1083 428 1226 455 rerum
1247 428 1413 454 summa

67 469 392 511 consultaretur.
424 469 492 512 28.
515 484 643 525 aegre
663 470 830 512 ferebat
850 470 1049 512 Siluanus
1070 473 1126 512 ad
1144 472 1414 514 consulatum

0 503 18 588 l*
65 530 383 582 potestatesque
416 529 620 570 sublimes
654 529 779 570 elatis
812 529 1000 584 indignis
1034 545 1078 571 se
1112 535 1150 572 et
1167 530 1414 572 Vrsicinum

0 592 1 613 ¹
66 587 181 628 solos
218 590 318 640 post
356 587 560 629 exudatos
599 601 779 642 magnos
817 603 895 642 pro
933 603 978 629 re
1022 589 1197 643 publica
1241 589 1411 630 labores

0 618 1 695 l
65 649 108 686 et
146 646 317 687 crebros
355 646 417 686 ita
454 646 585 688 fuisse
623 647 862 700 despectos,
907 650 954 688 ut
996 648 1088 701 ipse
1129 648 1299 703 quidem
1337 662 1414 701 per

10 717 46 743 10
66 705 336 759 quaestiones
369 704 649 746 familiarium
683 706 760 747 sub
789 706 1099 760 disceptatione
1119 707 1305 761 ignobili
1325 720 1414 748 cru-

64 764 218 805 deliter
238 763 427 818 agitatus
460 765 724 806 commisisse
756 765 801 806 in
823 765 1095 806 maiestatem
1115 768 1413 819 arcesseretur,

65 823 176 864 alter
207 836 308 863 uero
343 823 395 863 ab
430 823 594 864 oriente
626 826 774 877 raptus
808 824 915 865 odiis
948 824 1218 866 inimicorum
1251 824 1412 865 addice-

62 884 198 922 retur:
250 883 293 921 et
335 881 440 922 haec
485 882 657 923 adsidue
709 882 819 923 clam
865 883 1122 937 querebatur
1167 886 1209 924 et
1256 883 1429 936 palam.·

63 941 132 981 29.
164 940 384 981 terrebant
403 955 480 981 nos
500 943 658 995 tamen,
679 956 774 982 cum
794 942 1034 982 dicerentur
1054 941 1160 983 haec
1180 944 1223 983 et
1243 941 1413 992 similia,

10 1010 44 1037 15
64 998 453 1040 circumfrementia
491 999 676 1053 undique
710 1015 928 1041 murmura
967 1001 1182 1042 causantis
1221 1000 1413 1053 inopiam

63 1057 214 1099 militis
247 1060 290 1098 et
327 1058 476 1111 rapida
508 1058 727 1100 celeritate
761 1059 947 1100 ardentis
981 1060 1202 1113 angustias
1235 1058 1414 1112 Alpium

62 1130 339 1170 perrumpere
373 1115 626 1158 Cottiarum.

182 1175 249 1217 30.
281 1175 332 1216 In
363 1175 445 1216 hoc
477 1178 599 1217 aestu
631 1176 786 1217 mentis
819 1176 995 1230 ancipiti
1029 1177 1080 1218 ad
1102 1177 1299 1218 effectum
1325 1179 1414 1217 ten-

62 1234 166 1276 dens
187 1234 415 1275 consilium
435 1235 603 1276 occulta
623 1235 921 1276 scrutabamur
939 1235 1141 1289 indagine
1162 1235 1412 1289 sederatque

9 1305 44 1332 20
62 1293 237 1335 taudem
268 1293 445 1334 mutatis
477 1308 580 1346 prae
612 1294 768 1334 timore
802 1309 928 1347 saepe
949 1294 1186 1347 sententiis,
1218 1296 1266 1335 ut
1290 1308 1413 1348 quae-

63 1353 158 1393 sitis
196 1365 354 1406 magna
389 1352 601 1393 industria
641 1353 776 1393 cautis
821 1353 884 1393 rei
928 1353 1157 1405 ministris,
1202 1353 1412 1394 obstricto

62 1411 320 1465 religionum
353 1411 671 1452 consecratione
711 1411 938 1465 conloquio
972 1411 1218 1453 Bracchiati
1255 1411 1411 1452 sollici-

62 1473 256 1511 tarentur
276 1471 403 1523 atque
425 1467 616 1524 Cornuti,
648 1470 839 1511 fluxioris
859 1471 955 1523 fidei
974 1474 1011 1511 et
1040 1471 1237 1511 ubertate
1257 1484 1413 1511 merce-

62 1528 125 1570 dis
159 1528 212 1570 ad
243 1530 507 1569 momentum
539 1543 663 1570 omne
696 1529 944 1570 uersabiles.
976 1529 1044 1570 31.
1065 1530 1234 1570 firmato
1267 1529 1412 1583 itaque

27 1599 44 1627 5
63 1587 239 1642 negotio
272 1601 347 1641 per
380 1589 619 1641 sequestres
654 1588 861 1642 quosdam
897 1588 1119 1642 gregarios
1153 1587 1413 1629 obscuritate

64 1647 159 1700 ipsa
191 1646 244 1687 ad
275 1646 317 1686 id
355 1646 610 1699 patrandum
641 1647 836 1699 idoneos,
875 1646 1165 1700 praemiorum
1198 1649 1414 1700 exspecta-

62 1705 180 1746 tione
218 1719 417 1746 accensos
456 1705 561 1746 solis
602 1708 699 1746 ortu
738 1706 825 1746 iam
862 1706 994 1746 rutilo
1034 1705 1199 1746 subitus
1233 1707 1414 1746 armato-

12 1783 14 1787 >
62 1779 158 1805 rum
204 1764 359 1818 globus
399 1764 540 1818 erupit
580 1767 725 1818 atque,
769 1766 816 1805 ut
860 1765 972 1806 solet
1016 1764 1059 1805 in
1103 1764 1243 1805 dubiis
1287 1764 1413 1804 rebus

64 1822 299 1875 audentior,
332 1822 465 1863 caesis
499 1823 746 1864 custodibus
778 1823 900 1877 regia
931 1825 1156 1876 penetrata
1190 1822 1414 1863 Siluanum

65 1883 301 1923 extractum
347 1881 555 1935 aedicula,
603 1896 686 1936 quo
732 1882 998 1923 exanimatus
1045 1881 1315 1935 confugerat,
1361 1880 1414 1921 ad

64 1939 410 1981 conuenticulum
446 1940 554 1981 ritus
589 1939 825 1982 Christiani
862 1940 1109 1981 tendentem
1146 1939 1287 1981 densis
1324 1939 1414 1993 gla-

64 1999 230 2040 diorum
260 1999 417 2040 ictibus
449 1999 729 2040 trucidarunt.

183 2058 251 2099 32.
289 2057 356 2098 Ita
387 2057 470 2098 dux
501 2057 608 2099 haut
649 2058 824 2098 exilium
856 2058 1106 2098 meritorum
1144 2057 1225 2098 hoc
1258 2070 1413 2111 genem¹

66 2116 233 2170 oppetit
251 2116 400 2157 mortis
432 2119 550 2157 metu
582 2116 903 2169 calumniarum,
936 2116 1088 2171 quibus
1120 2116 1305 2157 factione
1337 2116 1415 2156 ini-

156 2235 176 2265 3
200 2232 447 2275 purpuratam
476 2230 510 2264 V
530 2241 734 2275 purpuram
759 2231 795 2265 b
780 2242 826 2275 ja
874 2234 894 2264 6
919 2230 966 2264 ad
990 2231 1056 2275 hya
1075 2240 1140 2264 om.
1165 2229 1198 2263 V
1243 2235 1260 2265 7
1288 2232 1326 2281 et
1349 2230 1415 2273 bqa

63 2285 130 2311 om.
161 2275 229 2310 VP
299 2278 340 2309 16
365 2275 498 2310 altium
528 2275 561 2308 V
627 2279 668 2309 ⁶21
695 2276 813 2309 cautis
838 2275 892 2309 rei
922 2275 1088 2310 Ualesius
1113 2275 1214 2310 cauti
1239 2274 1319 2319 spei
1348 2274 1415 2324 VP

64 2324 109 2355 23
138 2319 304 2372 fluxioris
331 2320 416 2365 [lac.
440 2322 488 2354 24
512 2320 602 2365 litt]
635 2319 702 2354 VP
731 2319 897 2354 fluxioris
929 2320 1016 2354 fidei
1043 2321 1080 2354 et
1107 2319 1139 2353 G
1172 2319 1335 2354 fluxioris
1361 2319 1415 2352 in—

66 2364 169 2410 genii
192 2365 236 2399 ba
328 2369 370 2400 29
396 2364 590 2399 Siluanum
618 2365 651 2399 G
676 2365 867 2409 signarum
897 2364 930 2398 V
929 2365 964 2398 P
