<?xml version="1.0" encoding="UTF-8"?>
<!DOCTYPE html PUBLIC "-//W3C//DTD XHTML 1.0 Transitional//EN"
    "http://www.w3.org/TR/xhtml1/DTD/xhtml1-transitional.dtd">
<html xmlns="http://www.w3.org/1999/xhtml" xml:lang="en" lang="en">
 <head>
  <title>
</title>
<meta http-equiv="Content-Type" content="text/html;charset=utf-8" />
  <meta name='ocr-system' content='tesseract 3.04.00' />
  <meta name='ocr-capabilities' content='ocr_page ocr_carea ocr_par ocr_line ocrx_word'/>
</head>
<body>
  <div class='ocr_page' id='page_1' title='image "./rerumgestarumlib01ammiuoft_0423.png"; bbox 0 0 1614 2549; ppageno 0'>
   <div class='ocr_carea' id='block_1_1' title="bbox 636 78 1476 121">
    <p class='ocr_par' dir='ltr' id='par_1_1' title="bbox 636 78 1476 121">
     <span class='ocr_line' id='line_1_1' title="bbox 636 78 1476 121; baseline 0.011 -9"><span class='ocrx_word' id='word_1_1' title='bbox 636 78 869 113; x_wconf 81' lang='lat' dir='ltr'>IVLIANVS</span> <span class='ocrx_word' id='word_1_2' title='bbox 895 83 960 114; x_wconf 80' lang='lat'>363</span> <span class='ocrx_word' id='word_1_3' title='bbox 1393 80 1476 121; x_wconf 86' lang='lat'>329</span> 
     </span>
    </p>
   </div>
   <div class='ocr_carea' id='block_1_2' title="bbox 78 172 1492 1983">
    <p class='ocr_par' dir='ltr' id='par_1_2' title="bbox 125 172 1480 402">
     <span class='ocr_line' id='line_1_2' title="bbox 125 172 1476 227; baseline -0.001 -13"><span class='ocrx_word' id='word_1_4' title='bbox 125 173 239 214; x_wconf 87' lang='lat' dir='ltr'>inter</span> <span class='ocrx_word' id='word_1_5' title='bbox 284 187 389 226; x_wconf 90' lang='lat' dir='ltr'>quas</span> <span class='ocrx_word' id='word_1_6' title='bbox 434 172 587 226; x_wconf 90' lang='lat' dir='ltr'>opibus</span> <span class='ocrx_word' id='word_1_7' title='bbox 632 175 675 213; x_wconf 87' lang='lat' dir='ltr'>et</span> <span class='ocrx_word' id='word_1_8' title='bbox 718 172 1014 227; x_wconf 72' lang='lat' dir='ltr'>magnitudine</span> <span class='ocrx_word' id='word_1_9' title='bbox 1055 172 1272 213; x_wconf 90' lang='lat' dir='ltr'>moenium</span> <span class='ocrx_word' id='word_1_10' title='bbox 1311 172 1476 226; x_wconf 87' lang='lat' dir='ltr'>conspi-</span> 
     </span>
     <span class='ocr_line' id='line_1_3' title="bbox 128 229 1477 285; baseline 0 -13"><span class='ocrx_word' id='word_1_11' title='bbox 128 245 229 272; x_wconf 89' lang='lat' dir='ltr'>cuae</span> <span class='ocrx_word' id='word_1_12' title='bbox 262 233 362 272; x_wconf 89' lang='lat' dir='ltr'>sunt</span> <span class='ocrx_word' id='word_1_13' title='bbox 391 229 597 271; x_wconf 83' lang='lat' dir='ltr'>Heraclia</span> <span class='ocrx_word' id='word_1_14' title='bbox 629 233 671 271; x_wconf 90' lang='lat' dir='ltr'>et</span> <span class='ocrx_word' id='word_1_15' title='bbox 702 230 882 272; x_wconf 89' lang='lat' dir='ltr'>Arsacia</span> <span class='ocrx_word' id='word_1_16' title='bbox 915 233 958 271; x_wconf 91' lang='lat' dir='ltr'>et</span> <span class='ocrx_word' id='word_1_17' title='bbox 988 231 1187 284; x_wconf 81' lang='lat' dir='ltr'>Europos</span> <span class='ocrx_word' id='word_1_18' title='bbox 1221 234 1263 272; x_wconf 90' lang='lat' dir='ltr'>et</span> <span class='ocrx_word' id='word_1_19' title='bbox 1290 229 1477 285; x_wconf 89' lang='lat' dir='ltr'>Cyropo-</span> 
     </span>
     <span class='ocr_line' id='line_1_4' title="bbox 127 288 1478 344; baseline 0 -14"><span class='ocrx_word' id='word_1_20' title='bbox 127 289 182 330; x_wconf 90' lang='lat' dir='ltr'>lis</span> <span class='ocrx_word' id='word_1_21' title='bbox 215 292 257 330; x_wconf 87' lang='lat' dir='ltr'>et</span> <span class='ocrx_word' id='word_1_22' title='bbox 288 289 512 330; x_wconf 76' lang='lat' dir='ltr'>Ecbatana</span> <span class='ocrx_word' id='word_1_23' title='bbox 544 289 622 329; x_wconf 87' lang='lat' dir='ltr'>sub</span> <span class='ocrx_word' id='word_1_24' title='bbox 655 288 825 330; x_wconf 87' lang='lat' dir='ltr'>Iasonio</span> <span class='ocrx_word' id='word_1_25' title='bbox 857 292 1002 330; x_wconf 88' lang='lat' dir='ltr'>monte</span> <span class='ocrx_word' id='word_1_26' title='bbox 1036 290 1081 330; x_wconf 93' lang='lat' dir='ltr'>in</span> <span class='ocrx_word' id='word_1_27' title='bbox 1112 290 1238 330; x_wconf 89' lang='lat' dir='ltr'>terris</span> <span class='ocrx_word' id='word_1_28' title='bbox 1272 290 1380 330; x_wconf 88' lang='lat' dir='ltr'>sitae</span> <span class='ocrx_word' id='word_1_29' title='bbox 1403 288 1478 344; x_wconf 83' lang='lat' dir='ltr'>Sy-</span> 
     </span>
     <span class='ocr_line' id='line_1_5' title="bbox 128 347 1480 402; baseline 0.001 -14"><span class='ocrx_word' id='word_1_30' title='bbox 128 347 412 389; x_wconf 87' lang='lat' dir='ltr'>romedorum.</span> <span class='ocrx_word' id='word_1_31' title='bbox 474 347 542 388; x_wconf 73' lang='grc'>40.</span> <span class='ocrx_word' id='word_1_32' title='bbox 563 362 706 388; x_wconf 89' lang='lat' dir='ltr'>amnes</span> <span class='ocrx_word' id='word_1_33' title='bbox 728 347 805 389; x_wconf 81' lang='lat' dir='ltr'>lias</span> <span class='ocrx_word' id='word_1_34' title='bbox 825 347 1024 401; x_wconf 80' lang='lat' dir='ltr'>regiones</span> <span class='ocrx_word' id='word_1_35' title='bbox 1044 350 1321 401; x_wconf 87' lang='lat' dir='ltr'>praetereunt</span> <span class='ocrx_word' id='word_1_36' title='bbox 1340 348 1480 402; x_wconf 87' lang='lat' dir='ltr'>multi,</span> 
     </span>
    </p>

    <p class='ocr_par' dir='ltr' id='par_1_3' title="bbox 93 404 1481 694">
     <span class='ocr_line' id='line_1_6' title="bbox 93 404 1478 460; baseline 0.001 -14"><span class='ocrx_word' id='word_1_37' title='bbox 93 420 109 445; x_wconf 86' lang='lat'>5</span> <span class='ocrx_word' id='word_1_38' title='bbox 130 420 311 460; x_wconf 87' lang='lat' dir='ltr'>quorum</span> <span class='ocrx_word' id='word_1_39' title='bbox 342 406 519 447; x_wconf 85' lang='lat' dir='ltr'>maximi</span> <span class='ocrx_word' id='word_1_40' title='bbox 551 409 651 447; x_wconf 91' lang='lat' dir='ltr'>sunt</span> <span class='ocrx_word' id='word_1_41' title='bbox 683 404 899 459; x_wconf 82' lang='lat' dir='ltr'>Choaspes</span> <span class='ocrx_word' id='word_1_42' title='bbox 933 409 975 447; x_wconf 90' lang='lat' dir='ltr'>et</span> <span class='ocrx_word' id='word_1_43' title='bbox 996 406 1169 460; x_wconf 86' lang='lat' dir='ltr'>Gyndes</span> <span class='ocrx_word' id='word_1_44' title='bbox 1202 409 1245 447; x_wconf 90' lang='lat' dir='ltr'>et</span> <span class='ocrx_word' id='word_1_45' title='bbox 1264 406 1478 448; x_wconf 87' lang='lat' dir='ltr'>Amardus</span> 
     </span>
     <span class='ocr_line' id='line_1_7' title="bbox 130 462 1479 519; baseline 0 -13"><span class='ocrx_word' id='word_1_46' title='bbox 130 467 173 506; x_wconf 93' lang='lat' dir='ltr'>et</span> <span class='ocrx_word' id='word_1_47' title='bbox 205 463 424 506; x_wconf 84' lang='lat' dir='ltr'>Charinda</span> <span class='ocrx_word' id='word_1_48' title='bbox 456 467 499 505; x_wconf 92' lang='lat' dir='ltr'>et</span> <span class='ocrx_word' id='word_1_49' title='bbox 519 462 754 518; x_wconf 83' lang='lat' dir='ltr'>Cambyses</span> <span class='ocrx_word' id='word_1_50' title='bbox 788 467 830 506; x_wconf 91' lang='lat' dir='ltr'>et</span> <span class='ocrx_word' id='word_1_51' title='bbox 851 462 1003 518; x_wconf 89' lang='lat' dir='ltr'>Cyrus,</span> <span class='ocrx_word' id='word_1_52' title='bbox 1035 465 1103 506; x_wconf 91' lang='grc'>0111</span> <span class='ocrx_word' id='word_1_53' title='bbox 1134 478 1291 519; x_wconf 88' lang='lat' dir='ltr'>magno</span> <span class='ocrx_word' id='word_1_54' title='bbox 1325 468 1367 506; x_wconf 87' lang='lat' dir='ltr'>et</span> <span class='ocrx_word' id='word_1_55' title='bbox 1388 479 1479 519; x_wconf 89' lang='lat' dir='ltr'>spe-</span> 
     </span>
     <span class='ocr_line' id='line_1_8' title="bbox 130 521 1479 577; baseline 0 -13"><span class='ocrx_word' id='word_1_56' title='bbox 130 523 246 565; x_wconf 87' lang='lat' dir='ltr'>cioso</span> <span class='ocrx_word' id='word_1_57' title='bbox 281 521 415 577; x_wconf 85' lang='lat' dir='ltr'>Cyrus</span> <span class='ocrx_word' id='word_1_58' title='bbox 456 522 530 563; x_wconf 89' lang='lat' dir='ltr'>ille</span> <span class='ocrx_word' id='word_1_59' title='bbox 570 523 764 577; x_wconf 85' lang='lat' dir='ltr'>superior</span> <span class='ocrx_word' id='word_1_60' title='bbox 795 537 868 564; x_wconf 85' lang='lat' dir='ltr'>rex</span> <span class='ocrx_word' id='word_1_61' title='bbox 901 523 1099 564; x_wconf 90' lang='lat' dir='ltr'>amabilis</span> <span class='ocrx_word' id='word_1_62' title='bbox 1139 524 1302 565; x_wconf 89' lang='lat' dir='ltr'>abolito</span> <span class='ocrx_word' id='word_1_63' title='bbox 1333 526 1479 565; x_wconf 87' lang='lat' dir='ltr'>uetere</span> 
     </span>
     <span class='ocr_line' id='line_1_9' title="bbox 130 581 1481 636; baseline 0.001 -14"><span class='ocrx_word' id='word_1_64' title='bbox 130 581 174 622; x_wconf 91' lang='lat' dir='ltr'>id</span> <span class='ocrx_word' id='word_1_65' title='bbox 204 581 463 622; x_wconf 89' lang='lat' dir='ltr'>uocabulum</span> <span class='ocrx_word' id='word_1_66' title='bbox 501 581 617 622; x_wconf 89' lang='lat' dir='ltr'>dedit</span> <span class='ocrx_word' id='word_1_67' title='bbox 649 596 744 622; x_wconf 89' lang='lat' dir='ltr'>cum</span> <span class='ocrx_word' id='word_1_68' title='bbox 777 584 969 635; x_wconf 89' lang='lat' dir='ltr'>ereptum</span> <span class='ocrx_word' id='word_1_69' title='bbox 1009 582 1072 622; x_wconf 88' lang='lat' dir='ltr'>ire</span> <span class='ocrx_word' id='word_1_70' title='bbox 1110 595 1244 636; x_wconf 87' lang='lat' dir='ltr'>regna</span> <span class='ocrx_word' id='word_1_71' title='bbox 1277 581 1481 636; x_wconf 80' lang='lat' dir='ltr'>Scythica</span> 
     </span>
     <span class='ocr_line' id='line_1_10' title="bbox 130 639 1481 694; baseline 0.001 -14"><span class='ocrx_word' id='word_1_72' title='bbox 130 640 368 693; x_wconf 71' lang='lat' dir='ltr'>festinaret,</span> <span class='ocrx_word' id='word_1_73' title='bbox 401 639 512 693; x_wconf 87' lang='lat' dir='ltr'>quod</span> <span class='ocrx_word' id='word_1_74' title='bbox 544 642 587 681; x_wconf 87' lang='lat' dir='ltr'>et</span> <span class='ocrx_word' id='word_1_75' title='bbox 618 639 744 681; x_wconf 88' lang='lat' dir='ltr'>fortis</span> <span class='ocrx_word' id='word_1_76' title='bbox 777 643 855 694; x_wconf 87' lang='lat' dir='ltr'>est,</span> <span class='ocrx_word' id='word_1_77' title='bbox 880 642 928 681; x_wconf 90' lang='lat' dir='ltr'>ut</span> <span class='ocrx_word' id='word_1_78' title='bbox 959 641 1050 694; x_wconf 87' lang='lat' dir='ltr'>ipsc</span> <span class='ocrx_word' id='word_1_79' title='bbox 1085 641 1215 682; x_wconf 90' lang='lat' dir='ltr'>etiam</span> <span class='ocrx_word' id='word_1_80' title='bbox 1246 640 1481 694; x_wconf 84' lang='lat' dir='ltr'>ferebatur,</span> 
     </span>
    </p>

    <p class='ocr_par' dir='ltr' id='par_1_4' title="bbox 78 698 1479 798">
     <span class='ocr_line' id='line_1_11' title="bbox 78 698 1479 753; baseline 0.001 -15"><span class='ocrx_word' id='word_1_81' title='bbox 78 713 111 738; x_wconf 89' lang='lat'>10</span> <span class='ocrx_word' id='word_1_82' title='bbox 132 701 175 740; x_wconf 91' lang='lat' dir='ltr'>et</span> <span class='ocrx_word' id='word_1_83' title='bbox 207 698 298 740; x_wconf 88' lang='lat' dir='ltr'>uias</span> <span class='ocrx_word' id='word_1_84' title='bbox 331 698 415 739; x_wconf 88' lang='lat' dir='ltr'>sibi</span> <span class='ocrx_word' id='word_1_85' title='bbox 434 701 482 739; x_wconf 92' lang='lat' dir='ltr'>ut</span> <span class='ocrx_word' id='word_1_86' title='bbox 514 698 587 739; x_wconf 88' lang='lat' dir='ltr'>ille</span> <span class='ocrx_word' id='word_1_87' title='bbox 620 699 783 752; x_wconf 88' lang='lat' dir='ltr'>impetu</span> <span class='ocrx_word' id='word_1_88' title='bbox 815 699 981 752; x_wconf 81' lang='lat' dir='ltr'>ingenti</span> <span class='ocrx_word' id='word_1_89' title='bbox 1001 699 1177 740; x_wconf 89' lang='lat' dir='ltr'>molitus</span> <span class='ocrx_word' id='word_1_90' title='bbox 1210 699 1256 740; x_wconf 91' lang='lat' dir='ltr'>in</span> <span class='ocrx_word' id='word_1_91' title='bbox 1275 698 1479 753; x_wconf 88' lang='lat' dir='ltr'>Caspium</span> 
     </span>
     <span class='ocr_line' id='line_1_12' title="bbox 132 757 507 798; baseline -0.003 0"><span class='ocrx_word' id='word_1_92' title='bbox 132 757 347 798; x_wconf 87' lang='lat' dir='ltr'>delabitur</span> <span class='ocrx_word' id='word_1_93' title='bbox 378 771 507 798; x_wconf 88' lang='lat' dir='ltr'>mare.</span> 
     </span>
    </p>

    <p class='ocr_par' dir='ltr' id='par_1_5' title="bbox 134 815 1484 987">
     <span class='ocr_line' id='line_1_13' title="bbox 251 815 1482 870; baseline 0.001 -14"><span class='ocrx_word' id='word_1_94' title='bbox 251 816 319 857; x_wconf 89' lang='lat'>41.</span> <span class='ocrx_word' id='word_1_95' title='bbox 363 815 445 856; x_wconf 92' lang='lat' dir='ltr'>Per</span> <span class='ocrx_word' id='word_1_96' title='bbox 488 818 652 856; x_wconf 88' lang='lat' dir='ltr'>tractus</span> <span class='ocrx_word' id='word_1_97' title='bbox 697 815 953 857; x_wconf 89' lang='lat' dir='ltr'>meridianos</span> <span class='ocrx_word' id='word_1_98' title='bbox 999 830 1184 870; x_wconf 78' lang='lat' dir='ltr'>expansa</span> <span class='ocrx_word' id='word_1_99' title='bbox 1227 819 1326 870; x_wconf 90' lang='lat' dir='ltr'>post</span> <span class='ocrx_word' id='word_1_100' title='bbox 1375 816 1482 857; x_wconf 86' lang='lat' dir='ltr'>haec</span> 
     </span>
     <span class='ocr_line' id='line_1_14' title="bbox 134 873 1483 929; baseline 0.001 -14"><span class='ocrx_word' id='word_1_101' title='bbox 134 874 319 915; x_wconf 90' lang='lat' dir='ltr'>confinia</span> <span class='ocrx_word' id='word_1_102' title='bbox 361 874 563 915; x_wconf 88' lang='lat' dir='ltr'>litoribus</span> <span class='ocrx_word' id='word_1_103' title='bbox 607 875 804 927; x_wconf 85' lang='lat' dir='ltr'>proxima</span> <span class='ocrx_word' id='word_1_104' title='bbox 840 873 982 915; x_wconf 88' lang='lat' dir='ltr'>Persis</span> <span class='ocrx_word' id='word_1_105' title='bbox 1026 874 1249 916; x_wconf 90' lang='lat' dir='ltr'>habitatur</span> <span class='ocrx_word' id='word_1_106' title='bbox 1293 875 1483 929; x_wconf 89' lang='lat' dir='ltr'>antiqua,</span> 
     </span>
     <span class='ocr_line' id='line_1_15' title="bbox 134 932 1484 987; baseline 0.001 -14"><span class='ocrx_word' id='word_1_107' title='bbox 134 933 311 974; x_wconf 84' lang='lat' dir='ltr'>minutis</span> <span class='ocrx_word' id='word_1_108' title='bbox 350 932 546 986; x_wconf 86' lang='lat' dir='ltr'>frugibus</span> <span class='ocrx_word' id='word_1_109' title='bbox 586 933 704 973; x_wconf 89' lang='lat' dir='ltr'>diues</span> <span class='ocrx_word' id='word_1_110' title='bbox 738 935 780 973; x_wconf 88' lang='lat' dir='ltr'>et</span> <span class='ocrx_word' id='word_1_111' title='bbox 816 932 996 986; x_wconf 86' lang='lat' dir='ltr'>palmite</span> <span class='ocrx_word' id='word_1_112' title='bbox 1035 947 1321 987; x_wconf 85' lang='lat' dir='ltr'>aquarumque</span> <span class='ocrx_word' id='word_1_113' title='bbox 1361 934 1484 987; x_wconf 90' lang='lat' dir='ltr'>copia</span> 
     </span>
    </p>

    <p class='ocr_par' dir='ltr' id='par_1_6' title="bbox 87 991 1485 1280">
     <span class='ocr_line' id='line_1_16' title="bbox 87 991 1484 1056; baseline 0.001 -25"><span class='ocrx_word' id='word_1_114' title='bbox 87 1007 119 1031; x_wconf 82' lang='lat'>15</span> <span class='ocrx_word' id='word_1_115' title='bbox 133 991 451 1033; x_wconf 87' lang='lat' dir='ltr'>iucundissima.</span> <span class='ocrx_word' id='word_1_116' title='bbox 513 1005 659 1032; x_wconf 91' lang='lat' dir='ltr'>amnes</span> <span class='ocrx_word' id='word_1_117' title='bbox 699 991 854 1045; x_wconf 87' lang='lat' dir='ltr'>quippe</span> <span class='ocrx_word' id='word_1_118' title='bbox 886 991 1013 1032; x_wconf 89' lang='lat' dir='ltr'>multi</span> <span class='ocrx_word' id='word_1_119' title='bbox 1049 1006 1125 1056; x_wconf 84' lang='lat' dir='ltr'>per</span> <span class='ocrx_word' id='word_1_120' title='bbox 1163 1006 1256 1032; x_wconf 91' lang='lat' dir='ltr'>eam</span> <span class='ocrx_word' id='word_1_121' title='bbox 1295 994 1393 1033; x_wconf 90' lang='lat' dir='ltr'>ante</span> <span class='ocrx_word' id='word_1_122' title='bbox 1425 992 1484 1033; x_wconf 89' lang='lat' dir='ltr'>di-</span> 
     </span>
     <span class='ocr_line' id='line_1_17' title="bbox 136 1049 1483 1103; baseline 0.001 -13"><span class='ocrx_word' id='word_1_123' title='bbox 136 1052 252 1091; x_wconf 88' lang='lat' dir='ltr'>ctum</span> <span class='ocrx_word' id='word_1_124' title='bbox 283 1050 468 1090; x_wconf 87' lang='lat' dir='ltr'>influunt</span> <span class='ocrx_word' id='word_1_125' title='bbox 500 1050 652 1102; x_wconf 87' lang='lat' dir='ltr'>sinum,</span> <span class='ocrx_word' id='word_1_126' title='bbox 685 1064 866 1103; x_wconf 90' lang='lat' dir='ltr'>quorum</span> <span class='ocrx_word' id='word_1_127' title='bbox 897 1049 1075 1091; x_wconf 88' lang='lat' dir='ltr'>maximi</span> <span class='ocrx_word' id='word_1_128' title='bbox 1107 1053 1205 1090; x_wconf 90' lang='lat' dir='ltr'>sunt</span> <span class='ocrx_word' id='word_1_129' title='bbox 1237 1050 1483 1091; x_wconf 87' lang='lat' dir='ltr'>Batradites</span> 
     </span>
     <span class='ocr_line' id='line_1_18' title="bbox 136 1083 1484 1162; baseline 0 -13"><span class='ocrx_word' id='word_1_130' title='bbox 136 1111 179 1149; x_wconf 92' lang='lat' dir='ltr'>et</span> <span class='ocrx_word' id='word_1_131' title='bbox 209 1108 502 1162; x_wconf 85' lang='lat' dir='ltr'>Rogomanius</span> <span class='ocrx_word' id='word_1_132' title='bbox 543 1111 585 1149; x_wconf 88' lang='lat' dir='ltr'>et</span> <span class='ocrx_word' id='word_1_133' title='bbox 623 1083 834 1149; x_wconf 86' lang='lat' dir='ltr'>Brisoana</span> <span class='ocrx_word' id='word_1_134' title='bbox 875 1111 1003 1162; x_wconf 90' lang='lat' dir='ltr'>atque</span> <span class='ocrx_word' id='word_1_135' title='bbox 1040 1108 1252 1162; x_wconf 86' lang='lat' dir='ltr'>Bagrada.</span> <span class='ocrx_word' id='word_1_136' title='bbox 1312 1109 1381 1149; x_wconf 77' lang='lat'>42.</span> <span class='ocrx_word' id='word_1_137' title='bbox 1414 1123 1484 1162; x_wconf 95' lang='lat' dir='ltr'>op-</span> 
     </span>
     <span class='ocr_line' id='line_1_19' title="bbox 135 1166 1485 1221; baseline 0.001 -14"><span class='ocrx_word' id='word_1_138' title='bbox 135 1167 237 1221; x_wconf 90' lang='lat' dir='ltr'>pida</span> <span class='ocrx_word' id='word_1_139' title='bbox 276 1181 379 1208; x_wconf 88' lang='lat' dir='ltr'>uero</span> <span class='ocrx_word' id='word_1_140' title='bbox 425 1166 738 1208; x_wconf 86' lang='lat' dir='ltr'>mediterranea</span> <span class='ocrx_word' id='word_1_141' title='bbox 783 1170 882 1208; x_wconf 89' lang='lat' dir='ltr'>sunt</span> <span class='ocrx_word' id='word_1_142' title='bbox 926 1166 1136 1220; x_wconf 89' lang='lat' dir='ltr'>ampliora</span> <span class='ocrx_word' id='word_1_143' title='bbox 1179 1191 1234 1196; x_wconf 90' lang='lat'><em>-</em></span> <span class='ocrx_word' id='word_1_144' title='bbox 1273 1167 1485 1208; x_wconf 86' lang='lat' dir='ltr'>incertum</span> 
     </span>
     <span class='ocr_line' id='line_1_20' title="bbox 138 1225 1485 1280; baseline 0 -14"><span class='ocrx_word' id='word_1_145' title='bbox 138 1226 263 1279; x_wconf 90' lang='lat' dir='ltr'>enim,</span> <span class='ocrx_word' id='word_1_146' title='bbox 296 1240 379 1280; x_wconf 92' lang='lat' dir='ltr'>qua</span> <span class='ocrx_word' id='word_1_147' title='bbox 398 1226 563 1266; x_wconf 89' lang='lat' dir='ltr'>ratione</span> <span class='ocrx_word' id='word_1_148' title='bbox 596 1240 672 1279; x_wconf 88' lang='lat' dir='ltr'>per</span> <span class='ocrx_word' id='word_1_149' title='bbox 692 1240 786 1266; x_wconf 85' lang='lat' dir='ltr'>oras</span> <span class='ocrx_word' id='word_1_150' title='bbox 808 1225 1048 1266; x_wconf 87' lang='lat' dir='ltr'>maritimas</span> <span class='ocrx_word' id='word_1_151' title='bbox 1074 1225 1184 1266; x_wconf 91' lang='lat' dir='ltr'>nihil</span> <span class='ocrx_word' id='word_1_152' title='bbox 1205 1226 1485 1267; x_wconf 90' lang='lat' dir='ltr'>condiderunt</span> 
     </span>
    </p>

    <p class='ocr_par' dir='ltr' id='par_1_7' title="bbox 84 1283 1487 1442">
     <span class='ocr_line' id='line_1_21' title="bbox 84 1283 1487 1338; baseline 0.001 -14"><span class='ocrx_word' id='word_1_153' title='bbox 84 1300 117 1324; x_wconf 84' lang='lat'>20</span> <span class='ocrx_word' id='word_1_154' title='bbox 135 1284 305 1338; x_wconf 89' lang='lat' dir='ltr'>insigne</span> <span class='ocrx_word' id='word_1_155' title='bbox 350 1308 403 1312; x_wconf 86' lang='lat'>—</span> <span class='ocrx_word' id='word_1_156' title='bbox 446 1285 558 1325; x_wconf 90' lang='lat' dir='ltr'>inter</span> <span class='ocrx_word' id='word_1_157' title='bbox 600 1298 707 1338; x_wconf 86' lang='lat' dir='ltr'>quae</span> <span class='ocrx_word' id='word_1_158' title='bbox 745 1283 987 1337; x_wconf 89' lang='lat' dir='ltr'>Persepolis</span> <span class='ocrx_word' id='word_1_159' title='bbox 1022 1287 1087 1324; x_wconf 88' lang='lat' dir='ltr'>est</span> <span class='ocrx_word' id='word_1_160' title='bbox 1125 1285 1239 1325; x_wconf 88' lang='lat' dir='ltr'>clara</span> <span class='ocrx_word' id='word_1_161' title='bbox 1271 1287 1313 1325; x_wconf 89' lang='lat' dir='ltr'>et</span> <span class='ocrx_word' id='word_1_162' title='bbox 1344 1284 1487 1325; x_wconf 88' lang='lat' dir='ltr'>Ardea</span> 
     </span>
     <span class='ocr_line' id='line_1_22' title="bbox 138 1342 1486 1397; baseline -0.001 -14"><span class='ocrx_word' id='word_1_163' title='bbox 138 1346 181 1384; x_wconf 90' lang='lat' dir='ltr'>et</span> <span class='ocrx_word' id='word_1_164' title='bbox 220 1342 422 1384; x_wconf 85' lang='lat' dir='ltr'>Obroatis</span> <span class='ocrx_word' id='word_1_165' title='bbox 463 1345 590 1396; x_wconf 88' lang='lat' dir='ltr'>atque</span> <span class='ocrx_word' id='word_1_166' title='bbox 630 1342 882 1397; x_wconf 87' lang='lat' dir='ltr'>Tragonice.</span> <span class='ocrx_word' id='word_1_167' title='bbox 944 1343 1109 1383; x_wconf 89' lang='lat' dir='ltr'>insulae</span> <span class='ocrx_word' id='word_1_168' title='bbox 1147 1357 1249 1383; x_wconf 88' lang='lat' dir='ltr'>uero</span> <span class='ocrx_word' id='word_1_169' title='bbox 1288 1343 1486 1384; x_wconf 88' lang='lat' dir='ltr'>uisuntur</span> 
     </span>
     <span class='ocr_line' id='line_1_23' title="bbox 137 1401 1339 1442; baseline 0 0"><span class='ocrx_word' id='word_1_170' title='bbox 137 1401 198 1442; x_wconf 92' lang='lat' dir='ltr'>ibi</span> <span class='ocrx_word' id='word_1_171' title='bbox 229 1404 316 1442; x_wconf 88' lang='lat' dir='ltr'>tres</span> <span class='ocrx_word' id='word_1_172' title='bbox 349 1403 518 1442; x_wconf 86' lang='lat' dir='ltr'>tantum</span> <span class='ocrx_word' id='word_1_173' title='bbox 550 1401 744 1442; x_wconf 89' lang='lat' dir='ltr'>Tabiana</span> <span class='ocrx_word' id='word_1_174' title='bbox 776 1404 818 1442; x_wconf 89' lang='lat' dir='ltr'>et</span> <span class='ocrx_word' id='word_1_175' title='bbox 849 1401 961 1442; x_wconf 87' lang='lat' dir='ltr'>Fara</span> <span class='ocrx_word' id='word_1_176' title='bbox 993 1404 1035 1442; x_wconf 90' lang='lat' dir='ltr'>et</span> <span class='ocrx_word' id='word_1_177' title='bbox 1066 1401 1339 1442; x_wconf 81' lang='lat' dir='ltr'>Alexandria.</span> 
     </span>
    </p>

    <p class='ocr_par' dir='ltr' id='par_1_8' title="bbox 138 1459 1488 1572">
     <span class='ocr_line' id='line_1_24' title="bbox 256 1459 1488 1514; baseline 0 -14"><span class='ocrx_word' id='word_1_178' title='bbox 256 1460 325 1501; x_wconf 85' lang='lat'>43.</span> <span class='ocrx_word' id='word_1_179' title='bbox 356 1459 437 1500; x_wconf 91' lang='lat' dir='ltr'>His</span> <span class='ocrx_word' id='word_1_180' title='bbox 469 1460 762 1514; x_wconf 86' lang='lat' dir='ltr'>propinquant</span> <span class='ocrx_word' id='word_1_181' title='bbox 787 1459 940 1501; x_wconf 86' lang='lat' dir='ltr'>Parthi</span> <span class='ocrx_word' id='word_1_182' title='bbox 973 1460 1045 1501; x_wconf 90' lang='lat' dir='ltr'>siti</span> <span class='ocrx_word' id='word_1_183' title='bbox 1078 1460 1155 1501; x_wconf 91' lang='lat' dir='ltr'>sub</span> <span class='ocrx_word' id='word_1_184' title='bbox 1189 1460 1389 1514; x_wconf 87' lang='lat' dir='ltr'>aquilone</span> <span class='ocrx_word' id='word_1_185' title='bbox 1423 1473 1488 1501; x_wconf 90' lang='lat' dir='ltr'>co-</span> 
     </span>
     <span class='ocr_line' id='line_1_25' title="bbox 138 1518 1487 1572; baseline 0 -13"><span class='ocrx_word' id='word_1_186' title='bbox 138 1518 276 1560; x_wconf 86' lang='lat' dir='ltr'>lentes</span> <span class='ocrx_word' id='word_1_187' title='bbox 308 1518 474 1559; x_wconf 89' lang='lat' dir='ltr'>niuales</span> <span class='ocrx_word' id='word_1_188' title='bbox 518 1521 655 1559; x_wconf 85' lang='lat' dir='ltr'>terras</span> <span class='ocrx_word' id='word_1_189' title='bbox 696 1521 739 1559; x_wconf 90' lang='lat' dir='ltr'>et</span> <span class='ocrx_word' id='word_1_190' title='bbox 781 1519 1022 1572; x_wconf 82' lang='lat' dir='ltr'>pruinosas,</span> <span class='ocrx_word' id='word_1_191' title='bbox 1066 1533 1245 1572; x_wconf 88' lang='lat' dir='ltr'>quorum</span> <span class='ocrx_word' id='word_1_192' title='bbox 1289 1519 1487 1572; x_wconf 90' lang='lat' dir='ltr'>regiones</span> 
     </span>
    </p>

    <p class='ocr_par' dir='ltr' id='par_1_9' title="bbox 86 1575 1491 1865">
     <span class='ocr_line' id='line_1_26' title="bbox 86 1575 1490 1619; baseline 0 -1"><span class='ocrx_word' id='word_1_193' title='bbox 86 1593 119 1619; x_wconf 82' lang='lat'>25</span> <span class='ocrx_word' id='word_1_194' title='bbox 141 1575 353 1618; x_wconf 87' lang='lat' dir='ltr'>Choatres</span> <span class='ocrx_word' id='word_1_195' title='bbox 396 1576 551 1618; x_wconf 83' lang='lat' dir='ltr'>fluuius</span> <span class='ocrx_word' id='word_1_196' title='bbox 601 1577 874 1618; x_wconf 84' lang='lat' dir='ltr'>interscindit</span> <span class='ocrx_word' id='word_1_197' title='bbox 906 1577 1056 1618; x_wconf 87' lang='lat' dir='ltr'>ceteris</span> <span class='ocrx_word' id='word_1_198' title='bbox 1097 1577 1401 1618; x_wconf 88' lang='lat' dir='ltr'>abundantior:</span> <span class='ocrx_word' id='word_1_199' title='bbox 1446 1580 1490 1618; x_wconf 91' lang='lat' dir='ltr'>et</span> 
     </span>
     <span class='ocr_line' id='line_1_27' title="bbox 138 1635 1490 1689; baseline 0 -13"><span class='ocrx_word' id='word_1_200' title='bbox 138 1636 244 1677; x_wconf 89' lang='lat' dir='ltr'>haec</span> <span class='ocrx_word' id='word_1_201' title='bbox 287 1635 461 1689; x_wconf 88' lang='lat' dir='ltr'>potiora</span> <span class='ocrx_word' id='word_1_202' title='bbox 497 1635 680 1677; x_wconf 87' lang='lat' dir='ltr'>residuis</span> <span class='ocrx_word' id='word_1_203' title='bbox 723 1638 821 1677; x_wconf 89' lang='lat' dir='ltr'>sunt</span> <span class='ocrx_word' id='word_1_204' title='bbox 865 1635 1021 1689; x_wconf 90' lang='lat' dir='ltr'>oppida</span> <span class='ocrx_word' id='word_1_205' title='bbox 1062 1635 1269 1689; x_wconf 87' lang='lat' dir='ltr'>Oenunia,</span> <span class='ocrx_word' id='word_1_206' title='bbox 1311 1635 1490 1689; x_wconf 89' lang='lat' dir='ltr'>Moesia,</span> 
     </span>
     <span class='ocr_line' id='line_1_28' title="bbox 141 1693 1488 1748; baseline -0.001 -12"><span class='ocrx_word' id='word_1_207' title='bbox 141 1693 324 1748; x_wconf 81' lang='lat' dir='ltr'>Charax,</span> <span class='ocrx_word' id='word_1_208' title='bbox 356 1693 553 1747; x_wconf 88' lang='lat' dir='ltr'>Apamia,</span> <span class='ocrx_word' id='word_1_209' title='bbox 585 1693 805 1736; x_wconf 86' lang='lat' dir='ltr'>Artacana</span> <span class='ocrx_word' id='word_1_210' title='bbox 838 1697 880 1736; x_wconf 89' lang='lat' dir='ltr'>et</span> <span class='ocrx_word' id='word_1_211' title='bbox 910 1693 1264 1748; x_wconf 79' lang='lat' dir='ltr'>HecatompyIOS,</span> <span class='ocrx_word' id='word_1_212' title='bbox 1308 1709 1333 1735; x_wconf 89' lang='lat' dir='ltr'>a</span> <span class='ocrx_word' id='word_1_213' title='bbox 1371 1694 1488 1735; x_wconf 90' lang='lat' dir='ltr'>cuius</span> 
     </span>
     <span class='ocr_line' id='line_1_29' title="bbox 139 1751 1490 1807; baseline 0 -14"><span class='ocrx_word' id='word_1_214' title='bbox 139 1753 296 1794; x_wconf 88' lang='lat' dir='ltr'>finibus</span> <span class='ocrx_word' id='word_1_215' title='bbox 327 1767 404 1806; x_wconf 87' lang='lat' dir='ltr'>per</span> <span class='ocrx_word' id='word_1_216' title='bbox 424 1751 581 1806; x_wconf 88' lang='lat' dir='ltr'>Caspia</span> <span class='ocrx_word' id='word_1_217' title='bbox 612 1753 744 1794; x_wconf 89' lang='lat' dir='ltr'>litora</span> <span class='ocrx_word' id='word_1_218' title='bbox 775 1753 827 1794; x_wconf 89' lang='lat' dir='ltr'>ad</span> <span class='ocrx_word' id='word_1_219' title='bbox 859 1767 992 1807; x_wconf 91' lang='lat' dir='ltr'>usque</span> <span class='ocrx_word' id='word_1_220' title='bbox 1023 1756 1244 1806; x_wconf 89' lang='lat' dir='ltr'>portarum</span> <span class='ocrx_word' id='word_1_221' title='bbox 1267 1752 1490 1806; x_wconf 89' lang='lat' dir='ltr'>angustias</span> 
     </span>
     <span class='ocr_line' id='line_1_30' title="bbox 143 1810 1491 1865; baseline -0.001 -13"><span class='ocrx_word' id='word_1_222' title='bbox 143 1812 283 1853; x_wconf 84' lang='lat' dir='ltr'>stadia</span> <span class='ocrx_word' id='word_1_223' title='bbox 315 1811 600 1865; x_wconf 85' lang='lat' dir='ltr'>quadraginta</span> <span class='ocrx_word' id='word_1_224' title='bbox 630 1814 909 1853; x_wconf 90' lang='lat' dir='ltr'>numerantur</span> <span class='ocrx_word' id='word_1_225' title='bbox 941 1814 983 1852; x_wconf 90' lang='lat' dir='ltr'>et</span> <span class='ocrx_word' id='word_1_226' title='bbox 1009 1812 1141 1852; x_wconf 90' lang='lat' dir='ltr'>mille.</span> <span class='ocrx_word' id='word_1_227' title='bbox 1190 1812 1259 1852; x_wconf 88' lang='lat'>44.</span> <span class='ocrx_word' id='word_1_228' title='bbox 1279 1810 1359 1851; x_wconf 88' lang='lat' dir='ltr'>feri</span> <span class='ocrx_word' id='word_1_229' title='bbox 1391 1813 1491 1852; x_wconf 89' lang='lat' dir='ltr'>sunt</span> 
     </span>
    </p>

    <p class='ocr_par' dir='ltr' id='par_1_10' title="bbox 88 1869 1492 1983">
     <span class='ocr_line' id='line_1_31' title="bbox 88 1869 1491 1924; baseline -0.001 -13"><span class='ocrx_word' id='word_1_230' title='bbox 88 1886 121 1911; x_wconf 82' lang='lat'>30</span> <span class='ocrx_word' id='word_1_231' title='bbox 141 1870 230 1911; x_wconf 90' lang='lat' dir='ltr'>illic</span> <span class='ocrx_word' id='word_1_232' title='bbox 261 1869 530 1911; x_wconf 87' lang='lat' dir='ltr'>habitatores</span> <span class='ocrx_word' id='word_1_233' title='bbox 562 1883 772 1924; x_wconf 89' lang='lat' dir='ltr'>pagorum</span> <span class='ocrx_word' id='word_1_234' title='bbox 793 1870 984 1911; x_wconf 89' lang='lat' dir='ltr'>omnium</span> <span class='ocrx_word' id='word_1_235' title='bbox 1005 1872 1131 1923; x_wconf 87' lang='lat' dir='ltr'>atque</span> <span class='ocrx_word' id='word_1_236' title='bbox 1163 1882 1379 1923; x_wconf 88' lang='lat' dir='ltr'>pugnaces</span> <span class='ocrx_word' id='word_1_237' title='bbox 1402 1883 1491 1911; x_wconf 91' lang='lat' dir='ltr'>eos-</span> 
     </span>
     <span class='ocr_line' id='line_1_32' title="bbox 143 1928 1492 1983; baseline -0.001 -13"><span class='ocrx_word' id='word_1_238' title='bbox 143 1943 223 1983; x_wconf 88' lang='lat' dir='ltr'>que</span> <span class='ocrx_word' id='word_1_239' title='bbox 267 1928 330 1970; x_wconf 85' lang='lat' dir='ltr'>ita</span> <span class='ocrx_word' id='word_1_240' title='bbox 362 1928 596 1969; x_wconf 85' lang='lat' dir='ltr'>certamina</span> <span class='ocrx_word' id='word_1_241' title='bbox 626 1929 776 1970; x_wconf 87' lang='lat' dir='ltr'>iuuant</span> <span class='ocrx_word' id='word_1_242' title='bbox 808 1932 851 1970; x_wconf 86' lang='lat' dir='ltr'>et</span> <span class='ocrx_word' id='word_1_243' title='bbox 882 1928 1010 1982; x_wconf 87' lang='lat' dir='ltr'>bella,</span> <span class='ocrx_word' id='word_1_244' title='bbox 1046 1931 1094 1969; x_wconf 92' lang='lat' dir='ltr'>ut</span> <span class='ocrx_word' id='word_1_245' title='bbox 1131 1928 1341 1969; x_wconf 89' lang='lat' dir='ltr'>iudicetur</span> <span class='ocrx_word' id='word_1_246' title='bbox 1378 1928 1492 1969; x_wconf 86' lang='lat' dir='ltr'>inter</span> 
     </span>
    </p>
   </div>
   <div class='ocr_carea' id='block_1_3' title="bbox 142 2006 424 2009">
    <p class='ocr_par' dir='ltr' id='par_1_11' title="bbox 142 2006 424 2009">
     <span class='ocr_line' id='line_1_33' title="bbox 142 2006 424 2009; baseline 0 0"><span class='ocrx_word' id='word_1_247' title='bbox 142 2006 424 2009; x_wconf 95' lang='lat' dir='ltr'> </span> 
     </span>
    </p>
   </div>
   <div class='ocr_carea' id='block_1_4' title="bbox 142 2042 1495 2310">
    <p class='ocr_par' dir='ltr' id='par_1_12' title="bbox 142 2042 1495 2310">
     <span class='ocr_line' id='line_1_34' title="bbox 233 2042 1494 2087; baseline -0.001 -10"><span class='ocrx_word' id='word_1_248' title='bbox 233 2047 253 2077; x_wconf 84' lang='lat'>5</span> <span class='ocrx_word' id='word_1_249' title='bbox 279 2043 465 2087; x_wconf 83' lang='lat' dir='ltr'>Choaspes</span> <span class='ocrx_word' id='word_1_250' title='bbox 491 2043 559 2087; x_wconf 70' lang='lat' dir='ltr'>bqa</span> <span class='ocrx_word' id='word_1_251' title='bbox 583 2042 719 2087; x_wconf 85' lang='lat' dir='ltr'>cohasp</span> <span class='ocrx_word' id='word_1_252' title='bbox 724 2054 764 2077; x_wconf 83' lang='lat' dir='ltr'>er</span> <span class='ocrx_word' id='word_1_253' title='bbox 793 2043 859 2078; x_wconf 89' lang='lat' dir='ltr'>VP</span> <span class='ocrx_word' id='word_1_254' title='bbox 940 2042 1066 2077; x_wconf 83' lang='lat' dir='ltr'>cindes</span> <span class='ocrx_word' id='word_1_255' title='bbox 1096 2043 1163 2077; x_wconf 90' lang='lat' dir='ltr'>VP</span> <span class='ocrx_word' id='word_1_256' title='bbox 1255 2046 1275 2076; x_wconf 91' lang='grc'><strong>9</strong></span> <span class='ocrx_word' id='word_1_257' title='bbox 1300 2042 1494 2077; x_wconf 83' lang='lat' dir='ltr'>festinaret</span> 
     </span>
     <span class='ocr_line' id='line_1_35' title="bbox 142 2055 1493 2131; baseline -0.001 -9"><span class='ocrx_word' id='word_1_258' title='bbox 142 2088 275 2130; x_wconf 80' lang='lat' dir='ltr'>scripsi</span> <span class='ocrx_word' id='word_1_259' title='bbox 310 2055 508 2122; x_wconf 85' lang='lat' dir='ltr'>testinaret</span> <span class='ocrx_word' id='word_1_260' title='bbox 547 2087 590 2120; x_wconf 90' lang='lat' dir='ltr'>V¹</span> <span class='ocrx_word' id='word_1_261' title='bbox 628 2055 834 2122; x_wconf 74' lang='lat' dir='ltr'>destpinaret</span> <span class='ocrx_word' id='word_1_262' title='bbox 875 2088 1028 2131; x_wconf 69' lang='lat' dir='ltr'>V²Pb9a</span> <span class='ocrx_word' id='word_1_263' title='bbox 1167 2087 1302 2131; x_wconf 88' lang='lat' dir='ltr'>etiam]</span> <span class='ocrx_word' id='word_1_264' title='bbox 1337 2097 1382 2121; x_wconf 88' lang='lat' dir='ltr'>ea</span> <span class='ocrx_word' id='word_1_265' title='bbox 1425 2086 1493 2121; x_wconf 90' lang='lat' dir='ltr'>VP</span> 
     </span>
     <span class='ocr_line' id='line_1_36' title="bbox 145 2131 1494 2177; baseline -0.001 -11"><span class='ocrx_word' id='word_1_266' title='bbox 145 2136 186 2166; x_wconf 90' lang='grc'>16</span> <span class='ocrx_word' id='word_1_267' title='bbox 211 2131 373 2167; x_wconf 89' lang='lat' dir='ltr'>influunt</span> <span class='ocrx_word' id='word_1_268' title='bbox 396 2133 508 2176; x_wconf 72' lang='lat' dir='ltr'>uulyo</span> <span class='ocrx_word' id='word_1_269' title='bbox 534 2131 656 2166; x_wconf 89' lang='lat' dir='ltr'>fluunt</span> <span class='ocrx_word' id='word_1_270' title='bbox 684 2132 822 2177; x_wconf 70' lang='lat' dir='ltr'>VPbya</span> <span class='ocrx_word' id='word_1_271' title='bbox 867 2132 1074 2166; x_wconf 86' lang='lat' dir='ltr'>batradites</span> <span class='ocrx_word' id='word_1_272' title='bbox 1103 2131 1138 2165; x_wconf 89' lang='lat' dir='ltr'><strong><em>V</em></strong></span> <span class='ocrx_word' id='word_1_273' title='bbox 1158 2131 1394 2166; x_wconf 84' lang='lat' dir='ltr'>Vatrachites</span> <span class='ocrx_word' id='word_1_274' title='bbox 1425 2132 1494 2175; x_wconf 76' lang='lat' dir='ltr'>bya</span> 
     </span>
     <span class='ocr_line' id='line_1_37' title="bbox 144 2175 1495 2226; baseline -0.002 -14.956"><span class='ocrx_word' id='word_1_275' title='bbox 144 2179 211 2211; x_wconf 80' lang='lat'>*17</span> <span class='ocrx_word' id='word_1_276' title='bbox 250 2178 289 2211; x_wconf 87' lang='lat' dir='ltr'>et</span> <span class='ocrx_word' id='word_1_277' title='bbox 318 2187 384 2211; x_wconf 83' lang='lat' dir='ltr'>om.</span> <span class='ocrx_word' id='word_1_278' title='bbox 419 2176 597 2226; x_wconf 75' lang='lat' dir='ltr'>Eyssenh.</span> <span class='ocrx_word' id='word_1_279' title='bbox 715 2181 755 2211; x_wconf 76' lang='lat'>21</span> <span class='ocrx_word' id='word_1_280' title='bbox 789 2177 960 2212; x_wconf 87' lang='lat' dir='ltr'>Obroatis</span> <span class='ocrx_word' id='word_1_281' title='bbox 997 2176 1202 2211; x_wconf 71' lang='lat' dir='ltr'>Lindenbr.</span> <span class='ocrx_word' id='word_1_282' title='bbox 1238 2175 1427 2210; x_wconf 82' lang='lat' dir='ltr'>habraatis</span> <span class='ocrx_word' id='word_1_283' title='bbox 1462 2175 1495 2209; x_wconf 91' lang='lat' dir='ltr'><strong><em>V</em></strong></span> 
     </span>
     <span class='ocr_line' id='line_1_38' title="bbox 144 2219 1494 2266; baseline -0.002 -10"><span class='ocrx_word' id='word_1_284' title='bbox 144 2226 187 2256; x_wconf 78' lang='lat'>22</span> <span class='ocrx_word' id='word_1_285' title='bbox 213 2221 386 2256; x_wconf 85' lang='lat' dir='ltr'>cadianas</span> <span class='ocrx_word' id='word_1_286' title='bbox 416 2221 450 2255; x_wconf 91' lang='lat' dir='ltr'><strong><em>V</em></strong></span> <span class='ocrx_word' id='word_1_287' title='bbox 471 2221 628 2256; x_wconf 89' lang='lat' dir='ltr'>cadiana</span> <span class='ocrx_word' id='word_1_288' title='bbox 651 2222 725 2256; x_wconf 82' lang='grc' dir='ltr'>ΑΡ</span> <span class='ocrx_word' id='word_1_289' title='bbox 816 2227 858 2256; x_wconf 77' lang='lat'>23</span> <span class='ocrx_word' id='word_1_290' title='bbox 884 2221 1021 2266; x_wconf 81' lang='lat' dir='ltr'>parthy</span> <span class='ocrx_word' id='word_1_291' title='bbox 1054 2222 1092 2255; x_wconf 88' lang='lat' dir='ltr'>et</span> <span class='ocrx_word' id='word_1_292' title='bbox 1120 2221 1155 2255; x_wconf 91' lang='lat' dir='ltr'><strong><em>V</em></strong></span> <span class='ocrx_word' id='word_1_293' title='bbox 1181 2221 1312 2255; x_wconf 86' lang='lat' dir='ltr'>Parthi</span> <span class='ocrx_word' id='word_1_294' title='bbox 1344 2221 1381 2254; x_wconf 89' lang='lat' dir='ltr'>et</span> <span class='ocrx_word' id='word_1_295' title='bbox 1405 2219 1494 2264; x_wconf 79' lang='lat' dir='ltr'>Scy-</span> 
     </span>
     <span class='ocr_line' id='line_1_39' title="bbox 143 2231 1492 2310; baseline -0.001 -10"><span class='ocrx_word' id='word_1_296' title='bbox 143 2267 232 2301; x_wconf 85' lang='lat' dir='ltr'>thae</span> <span class='ocrx_word' id='word_1_297' title='bbox 257 2265 320 2310; x_wconf 79' lang='lat' dir='ltr'>rb9</span> <span class='ocrx_word' id='word_1_298' title='bbox 382 2271 424 2301; x_wconf 75' lang='lat'>25</span> <span class='ocrx_word' id='word_1_299' title='bbox 450 2266 629 2301; x_wconf 85' lang='lat' dir='ltr'>choadres</span> <span class='ocrx_word' id='word_1_300' title='bbox 659 2265 726 2301; x_wconf 93' lang='lat' dir='ltr'>VP</span> <span class='ocrx_word' id='word_1_301' title='bbox 788 2271 830 2300; x_wconf 79' lang='lat'>‘26</span> <span class='ocrx_word' id='word_1_302' title='bbox 857 2234 1028 2300; x_wconf 84' lang='lat' dir='ltr'>Oenunia</span> <span class='ocrx_word' id='word_1_303' title='bbox 1050 2267 1183 2310; x_wconf 73' lang='lat' dir='ltr'>scripsi</span> <span class='ocrx_word' id='word_1_304' title='bbox 1208 2266 1297 2308; x_wconf 82' lang='lat' dir='ltr'>(coll.</span> <span class='ocrx_word' id='word_1_305' title='bbox 1324 2231 1492 2307; x_wconf 44' lang='lat' dir='ltr'>Ptozenii)</span> 
     </span>
    </p>
   </div>
   <div class='ocr_carea' id='block_1_5' title="bbox 140 2310 1490 2402">
    <p class='ocr_par' dir='ltr' id='par_1_13' title="bbox 140 2310 1490 2402">
     <span class='ocr_line' id='line_1_40' title="bbox 145 2310 1490 2392; baseline -0.002 -46"><span class='ocrx_word' id='word_1_306' title='bbox 145 2311 442 2392; x_wconf 47' lang='grc' dir='ltr'>Θεὲῐιοῑιώᾑεξῖᾱᾱ.</span> <span class='ocrx_word' id='word_1_307' title='bbox 524 2316 565 2345; x_wconf 74' lang='grc'>,7</span> <span class='ocrx_word' id='word_1_308' title='bbox 593 2311 861 2359; x_wconf 80' lang='lat' dir='ltr'>ecatonphylos</span> <span class='ocrx_word' id='word_1_309' title='bbox 891 2311 924 2346; x_wconf 93' lang='lat' dir='ltr'><strong><em>V</em></strong></span> <span class='ocrx_word' id='word_1_310' title='bbox 983 2312 1053 2346; x_wconf 69' lang='lat'>*30</span> <span class='ocrx_word' id='word_1_311' title='bbox 1072 2315 1155 2354; x_wconf 78' lang='lat' dir='ltr'>post</span> <span class='ocrx_word' id='word_1_312' title='bbox 1179 2310 1412 2345; x_wconf 85' lang='lat' dir='ltr'>habitatores</span> <span class='ocrx_word' id='word_1_313' title='bbox 1437 2319 1490 2344; x_wconf 78' lang='lat' dir='ltr'>re-</span> 
     </span>
     <span class='ocr_line' id='line_1_41' title="bbox 140 2366 321 2402; baseline 0 -2"><span class='ocrx_word' id='word_1_314' title='bbox 140 2366 188 2400; x_wconf 74' lang='grc' dir='ltr'>Ρθ</span> <span class='ocrx_word' id='word_1_315' title='bbox 207 2383 214 2390; x_wconf 93' lang='grc'><em>·</em></span> <span class='ocrx_word' id='word_1_316' title='bbox 242 2367 321 2402; x_wconf 46' lang='lat' dir='ltr'>sun·</span> 
     </span>
    </p>
   </div>
  </div>
 </body>
</html>
