1614 2549
352 105 690 142 OONSTANTIVS
715 107 778 142 ET
801 107 1036 144 IVLIANVS
1062 113 1128 144 359
1333 111 1415 154 155

64 200 351 255 stipendiique
393 203 516 254 parte
560 202 747 243 maxima
789 217 865 256 per
908 203 1133 258 Illyricum
1170 204 1415 259 distributa,

63 259 139 300 ubi
169 259 460 300 distinebatur
479 274 530 300 ex
548 260 738 314 negotiis
759 261 880 302 seriis
900 262 1150 317 imperator,
1182 264 1411 318 adlapsuro

63 317 151 358 iam
181 318 439 371 praestituto
466 317 533 359 die
566 319 795 360 soluendae
816 322 1032 375 pecuniae,
1065 336 1193 376 quam
1223 337 1299 376 per
1319 337 1414 377 syn-

64 375 275 430 grapham
306 376 459 417 debere
491 391 536 418 se
558 377 751 419 confiteri
781 378 825 418 ui
857 382 1057 434 metuque
1079 381 1308 435 conpulsus
1337 384 1413 435 est,

27 447 160 475 5cum
191 435 390 476 omnibus
430 450 474 476 se
506 437 771 490 prospiceret
808 437 994 492 undique
1032 439 1234 492 periculis
1274 441 1414 494 oppri-

63 493 280 548 mendum,
319 493 601 548 largitionum
632 495 788 536 comite
828 496 880 536 ad
913 496 1090 538 alterius
1130 498 1316 552 gratiam
1353 499 1415 540 in-

62 551 216 593 festius
247 555 522 607 perurgente,
560 553 709 608 fugam
740 553 792 594 ad
824 553 978 596 Persas
1012 570 1107 597 cum
1146 557 1326 612 coniuge
1365 558 1414 599 li-

62 610 179 652 beris
212 614 256 652 et
275 612 392 653 omni
411 611 583 653 uinculo
605 612 834 654 caritatum
861 613 1028 668 ingenti
1049 615 1270 657 molimine
1291 631 1414 658 cona-

62 669 202 710 batur.
263 670 302 711 3.
341 673 468 724 atque
505 674 554 712 ut
590 671 747 712 lateret
786 673 1065 715 stationarios
1105 674 1284 729 milites,
1322 675 1415 716 fun-

10 741 44 766 10
63 727 164 769 dum
194 728 240 769 in
270 727 494 783 Hiaspide,
527 730 600 784 qui
632 730 750 771 locus
784 730 974 785 Tigridis
1008 732 1179 774 fluentis
1214 734 1414 787 adluitur,

60 786 201 840 pretio
232 802 318 829 non
355 801 513 842 magno
546 792 772 830 mercatur.
833 789 997 844 hocque
1037 795 1278 834 commento
1318 807 1414 834 cum

61 845 205 886 nullus
246 860 418 887 causam
455 847 654 888 ueniendi
693 848 744 888 ad
783 851 995 890 extremas
1034 849 1221 892 Romani
1259 852 1412 893 limitis

60 906 206 957 partes
239 904 325 946 iam
356 920 647 959 possessorem
679 921 774 947 cum
805 907 1004 960 plurimis
1026 909 1202 950 auderet
1229 910 1414 964 exigere,

60 976 137 1016 per
180 963 414 1005 familiares
460 964 566 1005 fidos
610 965 856 1019 peritosque
900 967 1031 1008 nandi
1069 968 1248 1009 occultis
1287 983 1414 1022 saepe

8 1035 42 1060 15
62 1021 301 1076 conloquiis
333 1037 430 1063 cum
462 1022 724 1077 Tamsapore
756 1023 932 1078 habitis,
965 1026 1037 1080 qui
1067 1028 1233 1068 tractus
1266 1041 1413 1069 omnes

62 1080 261 1122 aduersos
283 1081 400 1122 ducis
432 1084 650 1135 potestate
681 1085 784 1124 tunc
815 1084 1029 1138 tuebatur,
1061 1088 1103 1126 et
1124 1088 1252 1127 antea
1272 1086 1414 1140 cogni-

60 1140 130 1180 tus
162 1139 295 1180 misso
329 1155 354 1180 a
375 1139 558 1181 Persicis
586 1141 738 1182 castris
772 1142 932 1183 auxilio
953 1143 1144 1184 uirorum
1164 1145 1414 1199 pernicium,

61 1197 215 1239 lembis
254 1198 467 1252 inpositus
501 1214 597 1240 cum
635 1200 751 1241 omni
789 1204 995 1254 penatum
1032 1202 1255 1244 dulcedine
1286 1206 1413 1245 nocte

61 1257 268 1298 concubia
298 1258 564 1312 transfretat,
595 1273 641 1299 re
674 1260 900 1314 contraria,
933 1261 1071 1314 specie
1104 1261 1263 1316 Zopyri
1294 1262 1413 1305 illius

7 1329 42 1354 20
63 1315 217 1357 similis
251 1315 483 1370 Babylonii
513 1317 761 1370 proditoris.

179 1375 218 1415 4.
249 1374 395 1416 Rebus
427 1390 503 1429 per
536 1375 897 1429 Mesopotamiam
928 1378 974 1418 in
1004 1377 1117 1419 hunc
1151 1381 1314 1420 statum
1347 1380 1414 1421 de-

60 1433 198 1474 ductis
219 1433 419 1475 Palatina
440 1434 592 1475 cohors
624 1435 888 1488 palinodiam
920 1436 966 1477 in
986 1437 1164 1478 exitium
1185 1438 1412 1480 concinens

59 1495 257 1533 nostrum
294 1493 462 1534 inuenit
504 1493 678 1534 tandem
717 1495 906 1548 amplam
948 1496 1128 1537 nocendi
1173 1496 1412 1538 fortissimo

59 1551 165 1605 uiro,
205 1554 377 1593 auctore
416 1554 458 1593 et
495 1552 725 1594 incitatore
764 1556 888 1595 coetu
926 1554 1181 1609 spadonum,
1223 1556 1295 1609 qui
1333 1555 1414 1597 feri

6 1623 41 1648 25
62 1612 104 1651 et
143 1610 252 1651 acidi
294 1625 460 1664 semper
505 1614 782 1666 carentesque
826 1613 1213 1654 necessitudinibus
1259 1615 1412 1655 ceteris

59 1668 234 1709 diuitias
286 1669 400 1710 solas
451 1672 499 1710 ut
554 1670 711 1711 filiolas
763 1671 1092 1713 iucundissimas
1151 1673 1414 1727 amplectun-

59 1729 142 1768 tur.
204 1726 242 1768 5.
277 1728 483 1782 stetitque
517 1729 732 1770 sententia
773 1733 819 1770 ut
853 1729 1110 1771 Sabinianus
1144 1732 1282 1773 uietus
1324 1732 1413 1786 qui-

59 1785 156 1826 dem
194 1800 323 1827 senex
362 1789 404 1827 et
441 1787 549 1828 bene
593 1791 838 1829 nummatus
884 1789 957 1829 sed
1001 1789 1176 1830 inbellis
1211 1794 1253 1832 et
1294 1791 1413 1844 igna-

59 1859 137 1885 uus
170 1847 213 1885 et
245 1845 299 1886 ab
332 1846 603 1900 impetranda
634 1847 875 1900 magisterii
907 1847 1120 1901 dignitate
1159 1863 1234 1902 per
1266 1849 1414 1890 obscu-

6 1903 234 1944 mritatem
266 1903 404 1945 adhuc
436 1905 564 1958 longe
597 1905 805 1946 discretus
838 1906 1148 1959 praeficiendus
1183 1907 1271 1948 eois
1316 1922 1412 1961 par-

57 1962 174 2003 tibus
206 1962 468 2017 mitteretur,
507 1962 730 2004 Vrsicinus
770 1978 872 2004 uero
905 1967 1129 2006 curaturus
1171 1966 1415 2019 pedestrem

57 2020 260 2061 militiam
281 2023 323 2062 et
343 2036 614 2063 successurus
636 2022 890 2063 Barbationi
912 2023 964 2063 ad
999 2024 1254 2065 comitatum
1274 2039 1413 2066 reuer-

56 2081 230 2133 teretur,
264 2095 346 2134 quo
372 2095 574 2134 praesens
607 2095 750 2122 rerum
781 2095 990 2123 nouarum
1024 2082 1172 2123 auidus
1206 2083 1410 2137 concitor,

156 2257 195 2286 10
220 2253 412 2297 hiasspide
433 2253 466 2286 V
512 2257 552 2287 16
566 2253 744 2288 aduersus
762 2253 876 2288 VPba
924 2259 965 2289 19
983 2266 1022 2289 re
1039 2254 1149 2290 Grex
1170 2255 1238 2290 VP
1285 2260 1328 2290 20
1341 2255 1410 2291 Ba-

63 2297 207 2340 bylonii
249 2297 377 2332 V³mG
414 2298 587 2333 babronii
629 2298 723 2333 V'P
814 2303 856 2333 23
888 2300 1051 2344 amplam
1081 2300 1196 2335 VPba
1227 2312 1354 2335 ansam
1381 2301 1415 2335 G

63 2341 202 2420 &effigi
215 2342 367 2422 I{Ptigirli
389 2343 434 2422 ξι
517 2347 559 2378 26
584 2343 717 2378 filiolas
743 2344 810 2388 bya
841 2343 945 2378 fiolas
983 2344 1051 2379 VP
1142 2350 1183 2380 27
1225 2346 1348 2425 uictus
1381 2345 1416 2379 G
