<?xml version="1.0" encoding="UTF-8"?>
<!DOCTYPE html PUBLIC "-//W3C//DTD XHTML 1.0 Transitional//EN"
    "http://www.w3.org/TR/xhtml1/DTD/xhtml1-transitional.dtd">
<html xmlns="http://www.w3.org/1999/xhtml" xml:lang="en" lang="en">
 <head>
  <title>
</title>
<meta http-equiv="Content-Type" content="text/html;charset=utf-8" />
  <meta name='ocr-system' content='tesseract 3.04.00' />
  <meta name='ocr-capabilities' content='ocr_page ocr_carea ocr_par ocr_line ocrx_word'/>
</head>
<body>
  <div class='ocr_page' id='page_1' title='image "./rerumgestarumlib01ammiuoft_0241.png"; bbox 0 0 1614 2549; ppageno 0'>
   <div class='ocr_carea' id='block_1_1' title="bbox 368 94 1422 142">
    <p class='ocr_par' dir='ltr' id='par_1_1' title="bbox 368 94 1422 142">
     <span class='ocr_line' id='line_1_1' title="bbox 368 94 1422 142; baseline 0.009 -11"><span class='ocrx_word' id='word_1_1' title='bbox 368 94 701 131; x_wconf 87' lang='lat' dir='ltr'>CONSTANTIVS</span> <span class='ocrx_word' id='word_1_2' title='bbox 725 95 788 130; x_wconf 89' lang='grc' dir='ltr'>ΕΤ</span> <span class='ocrx_word' id='word_1_3' title='bbox 811 95 1042 131; x_wconf 87' lang='lat' dir='ltr'><strong>IVLIANVS</strong></span> <span class='ocrx_word' id='word_1_4' title='bbox 1067 101 1132 133; x_wconf 88' lang='lat'>359</span> <span class='ocrx_word' id='word_1_5' title='bbox 1343 98 1422 142; x_wconf 83' lang='lat'>183</span> 
     </span>
    </p>
   </div>
   <div class='ocr_carea' id='block_1_2' title="bbox 74 188 1423 420">
    <p class='ocr_par' dir='ltr' id='par_1_2' title="bbox 74 188 1423 420">
     <span class='ocr_line' id='line_1_2' title="bbox 77 188 1422 246; baseline 0.002 -15"><span class='ocrx_word' id='word_1_6' title='bbox 77 192 249 243; x_wconf 83' lang='lat' dir='ltr'>sperata</span> <span class='ocrx_word' id='word_1_7' title='bbox 290 189 356 231; x_wconf 89' lang='lat' dir='ltr'>ira</span> <span class='ocrx_word' id='word_1_8' title='bbox 394 191 437 230; x_wconf 88' lang='lat' dir='ltr'>et</span> <span class='ocrx_word' id='word_1_9' title='bbox 474 188 621 231; x_wconf 89' lang='lat' dir='ltr'>dolore</span> <span class='ocrx_word' id='word_1_10' title='bbox 659 189 875 231; x_wconf 85' lang='lat' dir='ltr'>exundans</span> <span class='ocrx_word' id='word_1_11' title='bbox 914 204 991 231; x_wconf 90' lang='lat' dir='ltr'>nec</span> <span class='ocrx_word' id='word_1_12' title='bbox 1034 190 1100 232; x_wconf 86' lang='lat' dir='ltr'>fas</span> <span class='ocrx_word' id='word_1_13' title='bbox 1138 189 1276 232; x_wconf 92' lang='lat' dir='ltr'>ullum</span> <span class='ocrx_word' id='word_1_14' title='bbox 1318 205 1422 246; x_wconf 87' lang='lat' dir='ltr'>prae</span> 
     </span>
     <span class='ocr_line' id='line_1_3' title="bbox 75 248 1423 304; baseline 0.001 -15"><span class='ocrx_word' id='word_1_15' title='bbox 75 248 210 290; x_wconf 84' lang='lat' dir='ltr'>oculis</span> <span class='ocrx_word' id='word_1_16' title='bbox 241 248 467 289; x_wconf 87' lang='lat' dir='ltr'>habiturus</span> <span class='ocrx_word' id='word_1_17' title='bbox 500 250 650 303; x_wconf 88' lang='lat' dir='ltr'>gentes</span> <span class='ocrx_word' id='word_1_18' title='bbox 682 248 727 288; x_wconf 89' lang='lat' dir='ltr'>in</span> <span class='ocrx_word' id='word_1_19' title='bbox 757 262 838 289; x_wconf 89' lang='lat' dir='ltr'>nos</span> <span class='ocrx_word' id='word_1_20' title='bbox 859 248 1089 290; x_wconf 85' lang='lat' dir='ltr'>excitabat.</span> <span class='ocrx_word' id='word_1_21' title='bbox 1139 263 1316 304; x_wconf 87' lang='lat' dir='ltr'>cumque</span> <span class='ocrx_word' id='word_1_22' title='bbox 1338 265 1423 292; x_wconf 89' lang='lat' dir='ltr'>cre-</span> 
     </span>
     <span class='ocr_line' id='line_1_4' title="bbox 74 306 1421 362; baseline 0.002 -15"><span class='ocrx_word' id='word_1_23' title='bbox 74 307 203 348; x_wconf 84' lang='lat' dir='ltr'>matis</span> <span class='ocrx_word' id='word_1_24' title='bbox 224 306 438 360; x_wconf 83' lang='lat' dir='ltr'>operibus,</span> <span class='ocrx_word' id='word_1_25' title='bbox 469 310 517 348; x_wconf 91' lang='lat' dir='ltr'>ut</span> <span class='ocrx_word' id='word_1_26' title='bbox 543 306 776 359; x_wconf 83' lang='lat' dir='ltr'><strong>docuimus,</strong></span> <span class='ocrx_word' id='word_1_27' title='bbox 808 320 954 361; x_wconf 88' lang='lat' dir='ltr'>pugna</span> <span class='ocrx_word' id='word_1_28' title='bbox 984 322 1061 361; x_wconf 90' lang='lat' dir='ltr'>per</span> <span class='ocrx_word' id='word_1_29' title='bbox 1081 319 1261 362; x_wconf 78' lang='lat' dir='ltr'>aggeres</span> <span class='ocrx_word' id='word_1_30' title='bbox 1283 309 1421 350; x_wconf 88' lang='lat' dir='ltr'>celsos</span> 
     </span>
     <span class='ocr_line' id='line_1_5' title="bbox 74 365 1420 420; baseline 0.002 -14"><span class='ocrx_word' id='word_1_31' title='bbox 74 365 206 406; x_wconf 87' lang='lat' dir='ltr'>muris</span> <span class='ocrx_word' id='word_1_32' title='bbox 237 365 458 419; x_wconf 82' lang='lat' dir='ltr'>proximos</span> <span class='ocrx_word' id='word_1_33' title='bbox 477 367 774 419; x_wconf 76' lang='lat' dir='ltr'>temptaretiu·,</span> <span class='ocrx_word' id='word_1_34' title='bbox 807 379 857 407; x_wconf 82' lang='lat' dir='ltr'>ex</span> <span class='ocrx_word' id='word_1_35' title='bbox 878 365 1068 420; x_wconf 73' lang='lat' dir='ltr'>adgestis</span> <span class='ocrx_word' id='word_1_36' title='bbox 1090 367 1244 408; x_wconf 86' lang='lat' dir='ltr'>erectis</span> <span class='ocrx_word' id='word_1_37' title='bbox 1270 367 1420 409; x_wconf 86' lang='lat' dir='ltr'>intrin-</span> 
     </span>
    </p>
   </div>
   <div class='ocr_carea' id='block_1_3' title="bbox 10 424 1419 480">
    <p class='ocr_par' dir='ltr' id='par_1_3' title="bbox 10 424 1419 480">
     <span class='ocr_line' id='line_1_6' title="bbox 10 424 1419 480; baseline 0.001 -14"><span class='ocrx_word' id='word_1_38' title='bbox 10 438 12 444; x_wconf 71' lang='grc'>’</span> <span class='ocrx_word' id='word_1_39' title='bbox 37 441 55 468; x_wconf 82' lang='lat'><strong>5</strong></span> <span class='ocrx_word' id='word_1_40' title='bbox 74 437 208 477; x_wconf 77' lang='lat' dir='ltr'>schS,</span> <span class='ocrx_word' id='word_1_41' title='bbox 245 427 454 478; x_wconf 90' lang='lat' dir='ltr'>quantum</span> <span class='ocrx_word' id='word_1_42' title='bbox 490 424 632 466; x_wconf 85' lang='lat' dir='ltr'>facere</span> <span class='ocrx_word' id='word_1_43' title='bbox 663 424 829 478; x_wconf 83' lang='lat' dir='ltr'>nitique</span> <span class='ocrx_word' id='word_1_44' title='bbox 855 427 1070 478; x_wconf 87' lang='lat' dir='ltr'>poterant,</span> <span class='ocrx_word' id='word_1_45' title='bbox 1101 425 1241 466; x_wconf 87' lang='lat' dir='ltr'>nostri</span> <span class='ocrx_word' id='word_1_46' title='bbox 1273 427 1419 480; x_wconf 84' lang='lat' dir='ltr'>aequis</span> 
     </span>
    </p>
   </div>
   <div class='ocr_carea' id='block_1_4' title="bbox 71 481 1423 713">
    <p class='ocr_par' dir='ltr' id='par_1_4' title="bbox 73 481 815 536">
     <span class='ocr_line' id='line_1_7' title="bbox 73 481 815 536; baseline 0 -13"><span class='ocrx_word' id='word_1_47' title='bbox 73 481 238 524; x_wconf 86' lang='lat' dir='ltr'>uiribus</span> <span class='ocrx_word' id='word_1_48' title='bbox 269 497 345 536; x_wconf 90' lang='lat' dir='ltr'>per</span> <span class='ocrx_word' id='word_1_49' title='bbox 377 483 510 524; x_wconf 87' lang='lat' dir='ltr'>ardua</span> <span class='ocrx_word' id='word_1_50' title='bbox 540 483 815 524; x_wconf 82' lang='lat' dir='ltr'>resistebant.</span> 
     </span>
    </p>

    <p class='ocr_par' dir='ltr' id='par_1_5' title="bbox 71 541 1423 713">
     <span class='ocr_line' id='line_1_8' title="bbox 190 541 1423 595; baseline 0.002 -13"><span class='ocrx_word' id='word_1_51' title='bbox 190 541 230 583; x_wconf 80' lang='lat'>2.</span> <span class='ocrx_word' id='word_1_52' title='bbox 261 541 321 582; x_wconf 89' lang='lat' dir='ltr'>Et</span> <span class='ocrx_word' id='word_1_53' title='bbox 340 541 413 582; x_wconf 92' lang='lat' dir='ltr'>diu</span> <span class='ocrx_word' id='word_1_54' title='bbox 432 544 654 582; x_wconf 89' lang='lat' dir='ltr'>cruentum</span> <span class='ocrx_word' id='word_1_55' title='bbox 684 541 899 595; x_wconf 89' lang='lat' dir='ltr'>proelium</span> <span class='ocrx_word' id='word_1_56' title='bbox 930 541 1051 582; x_wconf 85' lang='lat' dir='ltr'>stetit</span> <span class='ocrx_word' id='word_1_57' title='bbox 1077 556 1154 583; x_wconf 89' lang='lat' dir='ltr'>nec</span> <span class='ocrx_word' id='word_1_58' title='bbox 1174 545 1292 584; x_wconf 89' lang='lat' dir='ltr'>metu</span> <span class='ocrx_word' id='word_1_59' title='bbox 1311 558 1423 585; x_wconf 86' lang='lat' dir='ltr'>mor-</span> 
     </span>
     <span class='ocr_line' id='line_1_9' title="bbox 72 600 1422 656; baseline 0.002 -16"><span class='ocrx_word' id='word_1_60' title='bbox 72 600 130 640; x_wconf 86' lang='lat' dir='ltr'>tis</span> <span class='ocrx_word' id='word_1_61' title='bbox 169 600 396 654; x_wconf 89' lang='lat' dir='ltr'>quisquam</span> <span class='ocrx_word' id='word_1_62' title='bbox 436 614 486 641; x_wconf 83' lang='lat' dir='ltr'>ex</span> <span class='ocrx_word' id='word_1_63' title='bbox 525 600 670 654; x_wconf 89' lang='lat' dir='ltr'>aliqua</span> <span class='ocrx_word' id='word_1_64' title='bbox 707 602 832 653; x_wconf 88' lang='lat' dir='ltr'>parte</span> <span class='ocrx_word' id='word_1_65' title='bbox 871 615 896 641; x_wconf 88' lang='lat' dir='ltr'>a</span> <span class='ocrx_word' id='word_1_66' title='bbox 940 600 1081 641; x_wconf 89' lang='lat' dir='ltr'>studio</span> <span class='ocrx_word' id='word_1_67' title='bbox 1120 602 1422 656; x_wconf 82' lang='lat' dir='ltr'>propugnandi</span> 
     </span>
     <span class='ocr_line' id='line_1_10' title="bbox 71 658 1419 713; baseline 0.003 -15"><span class='ocrx_word' id='word_1_68' title='bbox 71 658 391 712; x_wconf 88' lang='lat' dir='ltr'>remouebatur,</span> <span class='ocrx_word' id='word_1_69' title='bbox 442 673 576 713; x_wconf 91' lang='lat' dir='ltr'>eoque</span> <span class='ocrx_word' id='word_1_70' title='bbox 616 659 825 712; x_wconf 87' lang='lat' dir='ltr'>producta</span> <span class='ocrx_word' id='word_1_71' title='bbox 856 659 1142 701; x_wconf 83' lang='lat' dir='ltr'>‚contentione</span> <span class='ocrx_word' id='word_1_72' title='bbox 1187 674 1283 701; x_wconf 91' lang='lat' dir='ltr'>cum</span> <span class='ocrx_word' id='word_1_73' title='bbox 1327 675 1419 702; x_wconf 87' lang='lat' dir='ltr'>sors</span> 
     </span>
    </p>
   </div>
   <div class='ocr_carea' id='block_1_5' title="bbox 0 717 1420 890">
    <p class='ocr_par' dir='ltr' id='par_1_6' title="bbox 0 717 1420 890">
     <span class='ocr_line' id='line_1_11' title="bbox 18 717 1420 773; baseline 0.003 -16"><span class='ocrx_word' id='word_1_74' title='bbox 18 730 52 756; x_wconf 91' lang='lat'>10</span> <span class='ocrx_word' id='word_1_75' title='bbox 69 717 259 770; x_wconf 88' lang='lat' dir='ltr'>partium</span> <span class='ocrx_word' id='word_1_76' title='bbox 298 720 454 758; x_wconf 90' lang='lat' dir='ltr'>euentu</span> <span class='ocrx_word' id='word_1_77' title='bbox 493 720 714 772; x_wconf 88' lang='lat' dir='ltr'>regeretur</span> <span class='ocrx_word' id='word_1_78' title='bbox 750 717 1060 771; x_wconf 74' lang='lat' dir='ltr'>indeclinabili,</span> <span class='ocrx_word' id='word_1_79' title='bbox 1099 718 1170 759; x_wconf 88' lang='lat' dir='ltr'>diu</span> <span class='ocrx_word' id='word_1_80' title='bbox 1209 718 1420 773; x_wconf 87' lang='lat' dir='ltr'>laborata,</span> 
     </span>
     <span class='ocr_line' id='line_1_12' title="bbox 0 775 1420 836; baseline 0.002 -20"><span class='ocrx_word' id='word_1_81' title='bbox 0 801 1 836; x_wconf 18' lang='grc' dir='ltr'>ἦ</span> <span class='ocrx_word' id='word_1_82' title='bbox 70 775 206 817; x_wconf 86' lang='lat' dir='ltr'>moles</span> <span class='ocrx_word' id='word_1_83' title='bbox 250 775 328 816; x_wconf 91' lang='lat' dir='ltr'>illa</span> <span class='ocrx_word' id='word_1_84' title='bbox 371 778 621 817; x_wconf 87' lang='lat' dir='ltr'>nostrorum</span> <span class='ocrx_word' id='word_1_85' title='bbox 664 777 784 817; x_wconf 91' lang='lat' dir='ltr'>uelut</span> <span class='ocrx_word' id='word_1_86' title='bbox 826 779 967 817; x_wconf 89' lang='lat' dir='ltr'>terrae</span> <span class='ocrx_word' id='word_1_87' title='bbox 1007 777 1190 831; x_wconf 89' lang='lat' dir='ltr'>quodam</span> <span class='ocrx_word' id='word_1_88' title='bbox 1234 780 1420 819; x_wconf 88' lang='lat' dir='ltr'>tremore</span> 
     </span>
     <span class='ocr_line' id='line_1_13' title="bbox 0 835 1419 890; baseline 0.002 -15"><span class='ocrx_word' id='word_1_89' title='bbox 0 837 1 850; x_wconf 67' lang='lat'>¹</span> <span class='ocrx_word' id='word_1_90' title='bbox 72 837 275 888; x_wconf 87' lang='lat' dir='ltr'>quassata</span> <span class='ocrx_word' id='word_1_91' title='bbox 305 835 547 888; x_wconf 83' lang='lat' dir='ltr'>procubuit,</span> <span class='ocrx_word' id='word_1_92' title='bbox 579 838 622 876; x_wconf 91' lang='lat' dir='ltr'>et</span> <span class='ocrx_word' id='word_1_93' title='bbox 653 838 875 889; x_wconf 85' lang='lat' dir='ltr'>tamquam</span> <span class='ocrx_word' id='word_1_94' title='bbox 902 835 1124 876; x_wconf 87' lang='lat' dir='ltr'>itinerario</span> <span class='ocrx_word' id='word_1_95' title='bbox 1159 849 1316 890; x_wconf 85' lang='lat' dir='ltr'>aggere</span> <span class='ocrx_word' id='word_1_96' title='bbox 1348 837 1419 878; x_wconf 92' lang='lat' dir='ltr'>uel</span> 
     </span>
    </p>
   </div>
   <div class='ocr_carea' id='block_1_6' title="bbox 16 1023 50 1049">
    <p class='ocr_par' dir='ltr' id='par_1_7' title="bbox 16 1023 50 1049">
     <span class='ocr_line' id='line_1_14' title="bbox 16 1023 50 1049; baseline 0 0"><span class='ocrx_word' id='word_1_97' title='bbox 16 1023 50 1049; x_wconf 90' lang='lat'>15</span> 
     </span>
    </p>
   </div>
   <div class='ocr_carea' id='block_1_7' title="bbox 66 894 1422 1241">
    <p class='ocr_par' dir='ltr' id='par_1_8' title="bbox 66 894 1422 1241">
     <span class='ocr_line' id='line_1_15' title="bbox 71 894 1420 948; baseline 0.001 -14"><span class='ocrx_word' id='word_1_98' title='bbox 71 894 343 947; x_wconf 87' lang='lat' dir='ltr'>superposito</span> <span class='ocrx_word' id='word_1_99' title='bbox 386 896 517 947; x_wconf 88' lang='lat' dir='ltr'>ponte</span> <span class='ocrx_word' id='word_1_100' title='bbox 562 894 868 947; x_wconf 86' lang='lat' dir='ltr'>conplanatum</span> <span class='ocrx_word' id='word_1_101' title='bbox 912 894 1111 947; x_wconf 84' lang='lat' dir='ltr'>spatium,</span> <span class='ocrx_word' id='word_1_102' title='bbox 1156 895 1268 948; x_wconf 89' lang='lat' dir='ltr'>quod</span> <span class='ocrx_word' id='word_1_103' title='bbox 1306 895 1420 936; x_wconf 87' lang='lat' dir='ltr'>inter</span> 
     </span>
     <span class='ocr_line' id='line_1_16' title="bbox 69 952 1422 1007; baseline 0.001 -15"><span class='ocrx_word' id='word_1_104' title='bbox 69 966 240 993; x_wconf 85' lang='lat' dir='ltr'>murum</span> <span class='ocrx_word' id='word_1_105' title='bbox 272 954 606 1006; x_wconf 79' lang='lat' dir='ltr'>congestamque</span> <span class='ocrx_word' id='word_1_106' title='bbox 639 952 875 993; x_wconf 86' lang='lat' dir='ltr'>forinsecus</span> <span class='ocrx_word' id='word_1_107' title='bbox 909 955 1070 993; x_wconf 86' lang='lat' dir='ltr'>struem</span> <span class='ocrx_word' id='word_1_108' title='bbox 1101 952 1265 1007; x_wconf 86' lang='lat' dir='ltr'>hiabat,</span> <span class='ocrx_word' id='word_1_109' title='bbox 1302 956 1422 1007; x_wconf 88' lang='lat' dir='ltr'>pate-</span> 
     </span>
     <span class='ocr_line' id='line_1_17' title="bbox 69 1009 1420 1065; baseline 0.001 -14"><span class='ocrx_word' id='word_1_110' title='bbox 69 1009 172 1051; x_wconf 86' lang='lat' dir='ltr'>fecit</span> <span class='ocrx_word' id='word_1_111' title='bbox 202 1010 401 1052; x_wconf 86' lang='lat' dir='ltr'>hostibus</span> <span class='ocrx_word' id='word_1_112' title='bbox 432 1011 666 1052; x_wconf 88' lang='lat' dir='ltr'>transitum</span> <span class='ocrx_word' id='word_1_113' title='bbox 697 1011 828 1052; x_wconf 88' lang='lat' dir='ltr'>nullis</span> <span class='ocrx_word' id='word_1_114' title='bbox 862 1011 1056 1052; x_wconf 86' lang='lat' dir='ltr'>obicibus</span> <span class='ocrx_word' id='word_1_115' title='bbox 1090 1011 1341 1065; x_wconf 88' lang='lat' dir='ltr'>inpeditum,</span> <span class='ocrx_word' id='word_1_116' title='bbox 1377 1015 1420 1053; x_wconf 90' lang='lat' dir='ltr'>et</span> 
     </span>
     <span class='ocr_line' id='line_1_18' title="bbox 67 1069 1421 1123; baseline 0.001 -13"><span class='ocrx_word' id='word_1_117' title='bbox 67 1083 168 1123; x_wconf 89' lang='lat' dir='ltr'>pars</span> <span class='ocrx_word' id='word_1_118' title='bbox 200 1069 405 1123; x_wconf 88' lang='lat' dir='ltr'>pleraque</span> <span class='ocrx_word' id='word_1_119' title='bbox 438 1070 627 1111; x_wconf 89' lang='lat' dir='ltr'>militum</span> <span class='ocrx_word' id='word_1_120' title='bbox 658 1070 922 1111; x_wconf 90' lang='lat' dir='ltr'>deiectorum</span> <span class='ocrx_word' id='word_1_121' title='bbox 959 1084 1166 1123; x_wconf 90' lang='lat' dir='ltr'>oppressa</span> <span class='ocrx_word' id='word_1_122' title='bbox 1198 1071 1267 1111; x_wconf 90' lang='lat' dir='ltr'>uel</span> <span class='ocrx_word' id='word_1_123' title='bbox 1307 1071 1421 1112; x_wconf 89' lang='lat' dir='ltr'>debi-</span> 
     </span>
     <span class='ocr_line' id='line_1_19' title="bbox 68 1128 1418 1183; baseline 0.001 -14"><span class='ocrx_word' id='word_1_124' title='bbox 68 1128 196 1169; x_wconf 90' lang='lat' dir='ltr'>litata</span> <span class='ocrx_word' id='word_1_125' title='bbox 223 1128 432 1169; x_wconf 88' lang='lat' dir='ltr'>cessabat.</span> <span class='ocrx_word' id='word_1_126' title='bbox 493 1129 531 1169; x_wconf 81' lang='grc'>3.</span> <span class='ocrx_word' id='word_1_127' title='bbox 571 1143 826 1170; x_wconf 85' lang='lat' dir='ltr'>concursum</span> <span class='ocrx_word' id='word_1_128' title='bbox 865 1131 931 1169; x_wconf 91' lang='lat' dir='ltr'>est</span> <span class='ocrx_word' id='word_1_129' title='bbox 967 1131 1115 1169; x_wconf 90' lang='lat' dir='ltr'>tamen</span> <span class='ocrx_word' id='word_1_130' title='bbox 1145 1129 1332 1183; x_wconf 89' lang='lat' dir='ltr'>undique</span> <span class='ocrx_word' id='word_1_131' title='bbox 1365 1129 1418 1171; x_wconf 89' lang='lat' dir='ltr'>ad</span> 
     </span>
     <span class='ocr_line' id='line_1_20' title="bbox 66 1187 1416 1241; baseline 0.001 -14"><span class='ocrx_word' id='word_1_132' title='bbox 66 1187 438 1241; x_wconf 84' lang='lat' dir='ltr'>propulsationem</span> <span class='ocrx_word' id='word_1_133' title='bbox 452 1187 635 1240; x_wconf 88' lang='lat' dir='ltr'>periculi</span> <span class='ocrx_word' id='word_1_134' title='bbox 654 1190 745 1229; x_wconf 88' lang='lat' dir='ltr'>tam</span> <span class='ocrx_word' id='word_1_135' title='bbox 760 1187 944 1241; x_wconf 87' lang='lat' dir='ltr'>abrupti,</span> <span class='ocrx_word' id='word_1_136' title='bbox 963 1189 1006 1227; x_wconf 91' lang='lat' dir='ltr'>et</span> <span class='ocrx_word' id='word_1_137' title='bbox 1026 1187 1260 1228; x_wconf 83' lang='lat' dir='ltr'>festinandi</span> <span class='ocrx_word' id='word_1_138' title='bbox 1274 1188 1416 1229; x_wconf 85' lang='lat' dir='ltr'>studio</span> 
     </span>
    </p>
   </div>
   <div class='ocr_carea' id='block_1_8' title="bbox 2 1245 1418 1300">
    <p class='ocr_par' dir='ltr' id='par_1_9' title="bbox 2 1245 1418 1300">
     <span class='ocr_line' id='line_1_21' title="bbox 2 1245 1418 1300; baseline 0.001 -14"><span class='ocrx_word' id='word_1_139' title='bbox 2 1283 4 1286; x_wconf 88' lang='lat'>.</span> <span class='ocrx_word' id='word_1_140' title='bbox 69 1245 166 1287; x_wconf 88' lang='lat' dir='ltr'>aliis</span> <span class='ocrx_word' id='word_1_141' title='bbox 199 1245 501 1287; x_wconf 87' lang='lat' dir='ltr'>inretientibus</span> <span class='ocrx_word' id='word_1_142' title='bbox 535 1245 642 1287; x_wconf 87' lang='lat' dir='ltr'>alios</span> <span class='ocrx_word' id='word_1_143' title='bbox 664 1246 843 1287; x_wconf 85' lang='lat' dir='ltr'>audacia</span> <span class='ocrx_word' id='word_1_144' title='bbox 869 1245 1060 1287; x_wconf 88' lang='lat' dir='ltr'>hostium</span> <span class='ocrx_word' id='word_1_145' title='bbox 1091 1246 1186 1300; x_wconf 89' lang='lat' dir='ltr'>ipso</span> <span class='ocrx_word' id='word_1_146' title='bbox 1219 1261 1418 1288; x_wconf 88' lang='lat' dir='ltr'>successu</span> 
     </span>
    </p>
   </div>
   <div class='ocr_carea' id='block_1_9' title="bbox 0 1288 49 1349">
    <p class='ocr_par' dir='ltr' id='par_1_10' title="bbox 0 1288 49 1349">
     <span class='ocr_line' id='line_1_22' title="bbox 0 1288 49 1349; baseline -0.102 0"><span class='ocrx_word' id='word_1_147' title='bbox 0 1288 49 1349; x_wconf 64' lang='lat' dir='ltr'>i20</span> 
     </span>
    </p>
   </div>
   <div class='ocr_carea' id='block_1_10' title="bbox 69 1304 1419 1359">
    <p class='ocr_par' dir='ltr' id='par_1_11' title="bbox 69 1304 1419 1359">
     <span class='ocr_line' id='line_1_23' title="bbox 69 1304 1419 1359; baseline 0.001 -14"><span class='ocrx_word' id='word_1_148' title='bbox 69 1304 301 1346; x_wconf 87' lang='lat' dir='ltr'>crescebat.</span> <span class='ocrx_word' id='word_1_149' title='bbox 361 1305 401 1345; x_wconf 83' lang='lat'>4.</span> <span class='ocrx_word' id='word_1_150' title='bbox 433 1305 580 1346; x_wconf 89' lang='lat' dir='ltr'>accitis</span> <span class='ocrx_word' id='word_1_151' title='bbox 619 1305 753 1359; x_wconf 85' lang='lat' dir='ltr'>igitur</span> <span class='ocrx_word' id='word_1_152' title='bbox 785 1305 899 1359; x_wconf 90' lang='lat' dir='ltr'>regis</span> <span class='ocrx_word' id='word_1_153' title='bbox 939 1304 1118 1358; x_wconf 88' lang='lat' dir='ltr'>imperio</span> <span class='ocrx_word' id='word_1_154' title='bbox 1157 1305 1419 1358; x_wconf 90' lang='lat' dir='ltr'>praedatori-</span> 
     </span>
    </p>
   </div>
   <div class='ocr_carea' id='block_1_11' title="bbox 0 1363 1417 1418">
    <p class='ocr_par' dir='ltr' id='par_1_12' title="bbox 0 1363 1417 1418">
     <span class='ocr_line' id='line_1_24' title="bbox 0 1363 1417 1418; baseline 0 -13"><span class='ocrx_word' id='word_1_155' title='bbox 0 1375 2 1405; x_wconf 80' lang='grc' dir='ltr'><em>ζ</em></span> <span class='ocrx_word' id='word_1_156' title='bbox 67 1363 148 1404; x_wconf 89' lang='lat' dir='ltr'>bus</span> <span class='ocrx_word' id='word_1_157' title='bbox 180 1363 391 1404; x_wconf 76' lang='lat' dir='ltr'>uniuersis</span> <span class='ocrx_word' id='word_1_158' title='bbox 425 1364 661 1418; x_wconf 89' lang='lat' dir='ltr'>strictoque</span> <span class='ocrx_word' id='word_1_159' title='bbox 695 1364 930 1404; x_wconf 87' lang='lat' dir='ltr'>comminus</span> <span class='ocrx_word' id='word_1_160' title='bbox 963 1363 1077 1404; x_wconf 79' lang='lat' dir='ltr'>ferio</span> <span class='ocrx_word' id='word_1_161' title='bbox 1110 1378 1206 1404; x_wconf 91' lang='lat' dir='ltr'>cum</span> <span class='ocrx_word' id='word_1_162' title='bbox 1239 1364 1417 1418; x_wconf 84' lang='lat' dir='ltr'>sanguis</span> 
     </span>
    </p>
   </div>
   <div class='ocr_carea' id='block_1_12' title="bbox 66 1421 1419 1593">
    <p class='ocr_par' dir='ltr' id='par_1_13' title="bbox 66 1421 1419 1593">
     <span class='ocr_line' id='line_1_25' title="bbox 66 1421 1419 1476; baseline 0.001 -13"><span class='ocrx_word' id='word_1_163' title='bbox 66 1421 296 1476; x_wconf 87' lang='lat' dir='ltr'>utrubique</span> <span class='ocrx_word' id='word_1_164' title='bbox 327 1422 533 1463; x_wconf 87' lang='lat' dir='ltr'>inmensis</span> <span class='ocrx_word' id='word_1_165' title='bbox 566 1422 768 1463; x_wconf 82' lang='lat' dir='ltr'>caedibus</span> <span class='ocrx_word' id='word_1_166' title='bbox 800 1422 1061 1475; x_wconf 75' lang='lat' dir='ltr'>fimder-,etm</span> <span class='ocrx_word' id='word_1_167' title='bbox 1093 1422 1292 1476; x_wconf 88' lang='lat' dir='ltr'>oppletae</span> <span class='ocrx_word' id='word_1_168' title='bbox 1319 1425 1419 1464; x_wconf 86' lang='lat' dir='ltr'>sunt</span> 
     </span>
     <span class='ocr_line' id='line_1_26' title="bbox 68 1480 1419 1535; baseline 0.001 -14"><span class='ocrx_word' id='word_1_169' title='bbox 68 1480 318 1534; x_wconf 87' lang='lat' dir='ltr'>corporibus</span> <span class='ocrx_word' id='word_1_170' title='bbox 362 1480 502 1522; x_wconf 83' lang='lat' dir='ltr'>fossae</span> <span class='ocrx_word' id='word_1_171' title='bbox 548 1481 761 1535; x_wconf 88' lang='lat' dir='ltr'>latiorque</span> <span class='ocrx_word' id='word_1_172' title='bbox 794 1481 867 1522; x_wconf 90' lang='lat' dir='ltr'>uia</span> <span class='ocrx_word' id='word_1_173' title='bbox 909 1480 1004 1521; x_wconf 86' lang='lat' dir='ltr'>ideo</span> <span class='ocrx_word' id='word_1_174' title='bbox 1049 1481 1333 1534; x_wconf 86' lang='lat' dir='ltr'>pandebatur,</span> <span class='ocrx_word' id='word_1_175' title='bbox 1377 1484 1419 1522; x_wconf 90' lang='lat' dir='ltr'>et</span> 
     </span>
     <span class='ocr_line' id='line_1_27' title="bbox 68 1539 1419 1593; baseline 0.001 -13"><span class='ocrx_word' id='word_1_176' title='bbox 68 1553 277 1581; x_wconf 91' lang='lat' dir='ltr'>concursu</span> <span class='ocrx_word' id='word_1_177' title='bbox 315 1540 535 1593; x_wconf 89' lang='lat' dir='ltr'>copiarum</span> <span class='ocrx_word' id='word_1_178' title='bbox 573 1540 740 1581; x_wconf 85' lang='lat' dir='ltr'>ardenti</span> <span class='ocrx_word' id='word_1_179' title='bbox 778 1540 866 1581; x_wconf 91' lang='lat' dir='ltr'>iam</span> <span class='ocrx_word' id='word_1_180' title='bbox 899 1539 1075 1580; x_wconf 89' lang='lat' dir='ltr'>ciuitate</span> <span class='ocrx_word' id='word_1_181' title='bbox 1114 1539 1291 1593; x_wconf 91' lang='lat' dir='ltr'>oppleta</span> <span class='ocrx_word' id='word_1_182' title='bbox 1322 1554 1419 1581; x_wconf 90' lang='lat' dir='ltr'>cum</span> 
     </span>
    </p>
   </div>
   <div class='ocr_carea' id='block_1_13' title="bbox 0 1598 1418 1653">
    <p class='ocr_par' dir='ltr' id='par_1_14' title="bbox 0 1598 1418 1653">
     <span class='ocr_line' id='line_1_28' title="bbox 0 1598 1418 1653; baseline 0.001 -15"><span class='ocrx_word' id='word_1_183' title='bbox 0 1626 2 1638; x_wconf 32' lang='grc' dir='ltr'><strong><em>ς</em></strong></span> <span class='ocrx_word' id='word_1_184' title='bbox 33 1610 48 1637; x_wconf 85' lang='lat'>5</span> <span class='ocrx_word' id='word_1_185' title='bbox 68 1598 207 1639; x_wconf 82' lang='lat' dir='ltr'>omnis</span> <span class='ocrx_word' id='word_1_186' title='bbox 240 1598 490 1639; x_wconf 87' lang='lat' dir='ltr'>defendendi</span> <span class='ocrx_word' id='word_1_187' title='bbox 523 1598 592 1639; x_wconf 94' lang='lat' dir='ltr'>uel</span> <span class='ocrx_word' id='word_1_188' title='bbox 624 1598 817 1652; x_wconf 84' lang='lat' dir='ltr'>fugiendi</span> <span class='ocrx_word' id='word_1_189' title='bbox 851 1612 946 1652; x_wconf 87' lang='lat' dir='ltr'>spes</span> <span class='ocrx_word' id='word_1_190' title='bbox 980 1601 1095 1639; x_wconf 86' lang='lat' dir='ltr'>esset</span> <span class='ocrx_word' id='word_1_191' title='bbox 1126 1598 1308 1652; x_wconf 88' lang='lat' dir='ltr'>abscisa,</span> <span class='ocrx_word' id='word_1_192' title='bbox 1348 1613 1418 1653; x_wconf 86' lang='lat' dir='ltr'>pe-</span> 
     </span>
    </p>
   </div>
   <div class='ocr_carea' id='block_1_14' title="bbox 0 1656 1416 1773">
    <p class='ocr_par' dir='ltr' id='par_1_15' title="bbox 0 1656 1416 1773">
     <span class='ocr_line' id='line_1_29' title="bbox 0 1656 1416 1706; baseline 0 -8"><span class='ocrx_word' id='word_1_193' title='bbox 0 1685 3 1706; x_wconf 65' lang='lat' dir='ltr'>r,</span> <span class='ocrx_word' id='word_1_194' title='bbox 67 1671 214 1698; x_wconf 88' lang='lat' dir='ltr'>corum</span> <span class='ocrx_word' id='word_1_195' title='bbox 250 1656 336 1697; x_wconf 88' lang='lat' dir='ltr'>ritu</span> <span class='ocrx_word' id='word_1_196' title='bbox 374 1658 530 1698; x_wconf 85' lang='lat' dir='ltr'>armati</span> <span class='ocrx_word' id='word_1_197' title='bbox 569 1660 610 1698; x_wconf 92' lang='lat' dir='ltr'>et</span> <span class='ocrx_word' id='word_1_198' title='bbox 647 1657 831 1698; x_wconf 85' lang='lat' dir='ltr'>inbelles</span> <span class='ocrx_word' id='word_1_199' title='bbox 871 1657 961 1698; x_wconf 87' lang='lat' dir='ltr'>sine</span> <span class='ocrx_word' id='word_1_200' title='bbox 1002 1671 1126 1698; x_wconf 84' lang='lat' dir='ltr'>sexus</span> <span class='ocrx_word' id='word_1_201' title='bbox 1168 1657 1416 1699; x_wconf 87' lang='lat' dir='ltr'>discrimine</span> 
     </span>
     <span class='ocr_line' id='line_1_30' title="bbox 0 1715 390 1773; baseline 0 -17"><span class='ocrx_word' id='word_1_202' title='bbox 0 1741 3 1773; x_wconf 52' lang='lat'>2</span> <span class='ocrx_word' id='word_1_203' title='bbox 66 1715 390 1757; x_wconf 73' lang='lat' dir='ltr'>trimcabantur.</span> 
     </span>
    </p>
   </div>
   <div class='ocr_carea' id='block_1_15' title="bbox 185 1773 1417 1828">
    <p class='ocr_par' dir='ltr' id='par_1_16' title="bbox 185 1773 1417 1828">
     <span class='ocr_line' id='line_1_31' title="bbox 185 1773 1417 1828; baseline 0 -12"><span class='ocrx_word' id='word_1_204' title='bbox 185 1774 224 1816; x_wconf 83' lang='grc'>5.</span> <span class='ocrx_word' id='word_1_205' title='bbox 255 1773 406 1828; x_wconf 87' lang='lat' dir='ltr'>Itaque</span> <span class='ocrx_word' id='word_1_206' title='bbox 439 1789 620 1828; x_wconf 89' lang='lat' dir='ltr'>uespera</span> <span class='ocrx_word' id='word_1_207' title='bbox 651 1775 905 1816; x_wconf 89' lang='lat' dir='ltr'>tenebrante</span> <span class='ocrx_word' id='word_1_208' title='bbox 932 1788 1027 1815; x_wconf 90' lang='lat' dir='ltr'>cum</span> <span class='ocrx_word' id='word_1_209' title='bbox 1048 1774 1186 1816; x_wconf 88' lang='lat' dir='ltr'>adhuc</span> <span class='ocrx_word' id='word_1_210' title='bbox 1218 1775 1320 1816; x_wconf 91' lang='lat' dir='ltr'>licet</span> <span class='ocrx_word' id='word_1_211' title='bbox 1339 1776 1417 1817; x_wconf 89' lang='lat' dir='ltr'>ini-</span> 
     </span>
    </p>
   </div>
   <div class='ocr_carea' id='block_1_16' title="bbox 0 1833 1417 1887">
    <p class='ocr_par' dir='ltr' id='par_1_17' title="bbox 0 1833 1417 1887">
     <span class='ocr_line' id='line_1_32' title="bbox 0 1833 1417 1887; baseline 0.001 -14"><span class='ocrx_word' id='word_1_212' title='bbox 0 1860 25 1884; x_wconf 25' lang='grc'>1,</span> <span class='ocrx_word' id='word_1_213' title='bbox 68 1847 152 1887; x_wconf 90' lang='lat' dir='ltr'>qua</span> <span class='ocrx_word' id='word_1_214' title='bbox 169 1833 409 1874; x_wconf 88' lang='lat' dir='ltr'>reluctante</span> <span class='ocrx_word' id='word_1_215' title='bbox 441 1833 614 1874; x_wconf 84' lang='lat' dir='ltr'>fortuna</span> <span class='ocrx_word' id='word_1_216' title='bbox 633 1833 866 1875; x_wconf 88' lang='lat' dir='ltr'>multitudo</span> <span class='ocrx_word' id='word_1_217' title='bbox 898 1836 1145 1874; x_wconf 82' lang='lat' dir='ltr'>nostrorum</span> <span class='ocrx_word' id='word_1_218' title='bbox 1171 1848 1302 1875; x_wconf 90' lang='lat' dir='ltr'>manu</span> <span class='ocrx_word' id='word_1_219' title='bbox 1323 1849 1417 1875; x_wconf 82' lang='lat' dir='ltr'>con—</span> 
     </span>
    </p>
   </div>
   <div class='ocr_carea' id='block_1_17' title="bbox 0 1896 48 1975">
    <p class='ocr_par' dir='ltr' id='par_1_18' title="bbox 0 1896 48 1975">
     <span class='ocr_line' id='line_1_33' title="bbox 0 1896 48 1975; baseline 0 -44"><span class='ocrx_word' id='word_1_220' title='bbox 0 1896 48 1975; x_wconf 46' lang='grc' dir='ltr'>ἰ130</span> 
     </span>
    </p>
   </div>
   <div class='ocr_carea' id='block_1_18' title="bbox 69 1891 1418 1946">
    <p class='ocr_par' dir='ltr' id='par_1_19' title="bbox 69 1891 1418 1946">
     <span class='ocr_line' id='line_1_34' title="bbox 69 1891 1418 1946; baseline 0.001 -14"><span class='ocrx_word' id='word_1_221' title='bbox 69 1894 184 1933; x_wconf 89' lang='lat' dir='ltr'>serta</span> <span class='ocrx_word' id='word_1_222' title='bbox 215 1891 559 1946; x_wconf 87' lang='lat' dir='ltr'>distringeretur,</span> <span class='ocrx_word' id='word_1_223' title='bbox 590 1893 635 1933; x_wconf 86' lang='lat' dir='ltr'>in</span> <span class='ocrx_word' id='word_1_224' title='bbox 667 1893 868 1934; x_wconf 89' lang='lat' dir='ltr'>abstrusa</span> <span class='ocrx_word' id='word_1_225' title='bbox 901 1891 1085 1946; x_wconf 86' lang='lat' dir='ltr'>quadam</span> <span class='ocrx_word' id='word_1_226' title='bbox 1116 1894 1239 1945; x_wconf 88' lang='lat' dir='ltr'>parte</span> <span class='ocrx_word' id='word_1_227' title='bbox 1272 1892 1418 1946; x_wconf 89' lang='lat' dir='ltr'>oppidi</span> 
     </span>
    </p>
   </div>
   <div class='ocr_carea' id='block_1_19' title="bbox 3 1950 1419 2005">
    <p class='ocr_par' dir='ltr' id='par_1_20' title="bbox 3 1950 1419 2005">
     <span class='ocr_line' id='line_1_35' title="bbox 3 1950 1419 2005; baseline 0.001 -14"><span class='ocrx_word' id='word_1_228' title='bbox 3 1996 5 1998; x_wconf 7' lang='grc' dir='ltr'>μ</span> <span class='ocrx_word' id='word_1_229' title='bbox 68 1964 164 1992; x_wconf 91' lang='lat' dir='ltr'>cum</span> <span class='ocrx_word' id='word_1_230' title='bbox 196 1950 361 1991; x_wconf 89' lang='lat' dir='ltr'>duobus</span> <span class='ocrx_word' id='word_1_231' title='bbox 396 1950 492 1991; x_wconf 87' lang='lat' dir='ltr'>aliis</span> <span class='ocrx_word' id='word_1_232' title='bbox 525 1950 667 1991; x_wconf 88' lang='lat' dir='ltr'>latens</span> <span class='ocrx_word' id='word_1_233' title='bbox 701 1951 906 1992; x_wconf 90' lang='lat' dir='ltr'>obscurae</span> <span class='ocrx_word' id='word_1_234' title='bbox 938 1950 1153 2003; x_wconf 86' lang='lat' dir='ltr'>praesidio</span> <span class='ocrx_word' id='word_1_235' title='bbox 1174 1951 1314 1991; x_wconf 87' lang='lat' dir='ltr'>noctis</span> <span class='ocrx_word' id='word_1_236' title='bbox 1345 1965 1419 2005; x_wconf 93' lang='grc' dir='ltr'>Ρο-</span> 
     </span>
    </p>
   </div>
   <div class='ocr_carea' id='block_1_20' title="bbox 69 2008 1418 2063">
    <p class='ocr_par' dir='ltr' id='par_1_21' title="bbox 69 2008 1418 2063">
     <span class='ocr_line' id='line_1_36' title="bbox 69 2008 1418 2063; baseline 0 -13"><span class='ocrx_word' id='word_1_237' title='bbox 69 2009 189 2062; x_wconf 90' lang='lat' dir='ltr'>stica,</span> <span class='ocrx_word' id='word_1_238' title='bbox 219 2023 296 2062; x_wconf 88' lang='lat' dir='ltr'>per</span> <span class='ocrx_word' id='word_1_239' title='bbox 315 2023 444 2063; x_wconf 88' lang='lat' dir='ltr'>quam</span> <span class='ocrx_word' id='word_1_240' title='bbox 474 2009 585 2050; x_wconf 85' lang='lat' dir='ltr'>nihil</span> <span class='ocrx_word' id='word_1_241' title='bbox 618 2009 883 2063; x_wconf 86' lang='lat' dir='ltr'>seruabatur,</span> <span class='ocrx_word' id='word_1_242' title='bbox 916 2008 1049 2049; x_wconf 88' lang='lat' dir='ltr'>euado</span> <span class='ocrx_word' id='word_1_243' title='bbox 1070 2011 1113 2049; x_wconf 89' lang='lat' dir='ltr'>et</span> <span class='ocrx_word' id='word_1_244' title='bbox 1145 2008 1418 2062; x_wconf 89' lang='lat' dir='ltr'>squalentum</span> 
     </span>
    </p>
   </div>
   <div class='ocr_carea' id='block_1_21' title="bbox 0 2067 1418 2122">
    <p class='ocr_par' dir='ltr' id='par_1_22' title="bbox 0 2067 1418 2122">
     <span class='ocr_line' id='line_1_37' title="bbox 0 2067 1418 2122; baseline 0.001 -14"><span class='ocrx_word' id='word_1_245' title='bbox 0 2113 1 2117; x_wconf 11' lang='grc' dir='ltr'><strong>Ἰ</strong></span> <span class='ocrx_word' id='word_1_246' title='bbox 67 2068 225 2122; x_wconf 88' lang='lat' dir='ltr'>peritia</span> <span class='ocrx_word' id='word_1_247' title='bbox 255 2067 449 2109; x_wconf 88' lang='lat' dir='ltr'>locorum</span> <span class='ocrx_word' id='word_1_248' title='bbox 481 2068 769 2122; x_wconf 88' lang='lat' dir='ltr'>comitumque</span> <span class='ocrx_word' id='word_1_249' title='bbox 791 2068 961 2109; x_wconf 87' lang='lat' dir='ltr'>adiutus</span> <span class='ocrx_word' id='word_1_250' title='bbox 995 2067 1216 2108; x_wconf 89' lang='lat' dir='ltr'>celeritate</span> <span class='ocrx_word' id='word_1_251' title='bbox 1238 2068 1291 2109; x_wconf 89' lang='lat' dir='ltr'>ad</span> <span class='ocrx_word' id='word_1_252' title='bbox 1310 2068 1418 2109; x_wconf 89' lang='lat' dir='ltr'>deci-</span> 
     </span>
    </p>
   </div>
   <div class='ocr_carea' id='block_1_22' title="bbox 67 2156 350 2161">
    <p class='ocr_par' dir='ltr' id='par_1_23' title="bbox 67 2156 350 2161">
     <span class='ocr_line' id='line_1_38' title="bbox 67 2156 350 2161; baseline 0 0"><span class='ocrx_word' id='word_1_253' title='bbox 67 2156 350 2161; x_wconf 95' lang='lat' dir='ltr'> </span> 
     </span>
    </p>
   </div>
   <div class='ocr_carea' id='block_1_23' title="bbox 66 2192 1418 2328">
    <p class='ocr_par' dir='ltr' id='par_1_24' title="bbox 66 2192 1418 2328">
     <span class='ocr_line' id='line_1_39' title="bbox 159 2192 1418 2238; baseline 0.001 -10"><span class='ocrx_word' id='word_1_254' title='bbox 159 2198 201 2228; x_wconf 82' lang='lat'>12</span> <span class='ocrx_word' id='word_1_255' title='bbox 227 2195 401 2238; x_wconf 79' lang='lat' dir='ltr'>quassata</span> <span class='ocrx_word' id='word_1_256' title='bbox 427 2194 461 2228; x_wconf 99' lang='lat' dir='ltr'><strong><em>G</em></strong></span> <span class='ocrx_word' id='word_1_257' title='bbox 485 2194 642 2238; x_wconf 88' lang='lat' dir='ltr'>quasina</span> <span class='ocrx_word' id='word_1_258' title='bbox 671 2193 738 2228; x_wconf 85' lang='lat' dir='ltr'>VP</span> <span class='ocrx_word' id='word_1_259' title='bbox 762 2193 866 2238; x_wconf 81' lang='lat' dir='ltr'>quasi</span> <span class='ocrx_word' id='word_1_260' title='bbox 893 2194 912 2228; x_wconf 85' lang='lat' dir='ltr'>b</span> <span class='ocrx_word' id='word_1_261' title='bbox 981 2192 1183 2238; x_wconf 82' lang='lat' dir='ltr'>procubuit</span> <span class='ocrx_word' id='word_1_262' title='bbox 1205 2193 1311 2238; x_wconf 68' lang='lat' dir='ltr'>Pbya</span> <span class='ocrx_word' id='word_1_263' title='bbox 1334 2205 1418 2238; x_wconf 86' lang='lat' dir='ltr'>pro-</span> 
     </span>
     <span class='ocr_line' id='line_1_40' title="bbox 68 2238 1418 2283; baseline -0.001 -9"><span class='ocrx_word' id='word_1_264' title='bbox 68 2239 214 2274; x_wconf 88' lang='lat' dir='ltr'>culbuit</span> <span class='ocrx_word' id='word_1_265' title='bbox 241 2239 274 2273; x_wconf 92' lang='lat' dir='ltr'><strong><em>V</em></strong></span> <span class='ocrx_word' id='word_1_266' title='bbox 340 2242 383 2273; x_wconf 87' lang='grc'>14</span> <span class='ocrx_word' id='word_1_267' title='bbox 406 2250 554 2273; x_wconf 87' lang='lat' dir='ltr'>murum</span> <span class='ocrx_word' id='word_1_268' title='bbox 581 2239 616 2273; x_wconf 89' lang='lat' dir='ltr'><strong><em>G</em></strong></span> <span class='ocrx_word' id='word_1_269' title='bbox 639 2249 828 2273; x_wconf 87' lang='lat' dir='ltr'>murorum</span> <span class='ocrx_word' id='word_1_270' title='bbox 858 2238 972 2273; x_wconf 80' lang='lat' dir='ltr'>VPba</span> <span class='ocrx_word' id='word_1_271' title='bbox 1046 2238 1228 2282; x_wconf 84' lang='lat' dir='ltr'>patefecit</span> <span class='ocrx_word' id='word_1_272' title='bbox 1253 2239 1288 2273; x_wconf 89' lang='lat' dir='ltr'><strong><em>G</em></strong></span> <span class='ocrx_word' id='word_1_273' title='bbox 1311 2250 1418 2283; x_wconf 86' lang='lat' dir='ltr'>prae·</span> 
     </span>
     <span class='ocr_line' id='line_1_41' title="bbox 66 2283 1418 2328; baseline 0 -10"><span class='ocrx_word' id='word_1_274' title='bbox 66 2284 158 2319; x_wconf 82' lang='lat' dir='ltr'>fecit</span> <span class='ocrx_word' id='word_1_275' title='bbox 185 2283 299 2318; x_wconf 83' lang='lat' dir='ltr'>VPba</span> <span class='ocrx_word' id='word_1_276' title='bbox 347 2287 388 2318; x_wconf 88' lang='lat'>15</span> <span class='ocrx_word' id='word_1_277' title='bbox 414 2285 453 2318; x_wconf 87' lang='lat' dir='ltr'>et</span> <span class='ocrx_word' id='word_1_278' title='bbox 475 2295 562 2328; x_wconf 85' lang='lat' dir='ltr'>pars</span> <span class='ocrx_word' id='word_1_279' title='bbox 582 2284 652 2318; x_wconf 88' lang='lat' dir='ltr'>GA</span> <span class='ocrx_word' id='word_1_280' title='bbox 677 2285 715 2318; x_wconf 89' lang='lat' dir='ltr'>et</span> <span class='ocrx_word' id='word_1_281' title='bbox 738 2294 805 2328; x_wconf 82' lang='lat' dir='ltr'>pas</span> <span class='ocrx_word' id='word_1_282' title='bbox 827 2283 873 2317; x_wconf 85' lang='lat' dir='ltr'>V²</span> <span class='ocrx_word' id='word_1_283' title='bbox 889 2283 1014 2320; x_wconf 73' lang='lat' dir='ltr'>om.1</span> <span class='ocrx_word' id='word_1_284' title='bbox 1014 2285 1022 2305; x_wconf 89' lang='lat'><strong>¹</strong></span> <span class='ocrx_word' id='word_1_285' title='bbox 1043 2284 1082 2317; x_wconf 87' lang='lat' dir='ltr'>et</span> <span class='ocrx_word' id='word_1_286' title='bbox 1105 2294 1121 2317; x_wconf 87' lang='lat' dir='ltr'>s</span> <span class='ocrx_word' id='word_1_287' title='bbox 1152 2293 1190 2317; x_wconf 81' lang='lat' dir='ltr'>es</span> <span class='ocrx_word' id='word_1_288' title='bbox 1205 2284 1247 2318; x_wconf 75' lang='lat' dir='ltr'>rb</span> <span class='ocrx_word' id='word_1_289' title='bbox 1292 2288 1336 2318; x_wconf 78' lang='lat'>20</span> <span class='ocrx_word' id='word_1_290' title='bbox 1348 2286 1418 2318; x_wconf 84' lang='lat' dir='ltr'>Ac-</span> 
     </span>
    </p>
   </div>
   <div class='ocr_carea' id='block_1_24' title="bbox 0 2327 1416 2374">
    <p class='ocr_par' dir='ltr' id='par_1_25' title="bbox 0 2327 1416 2374">
     <span class='ocr_line' id='line_1_42' title="bbox 0 2327 1416 2374; baseline 0 -12"><span class='ocrx_word' id='word_1_291' title='bbox 0 2346 3 2371; x_wconf 63' lang='lat'><em>3</em></span> <span class='ocrx_word' id='word_1_292' title='bbox 68 2329 152 2363; x_wconf 82' lang='lat' dir='ltr'>citis</span> <span class='ocrx_word' id='word_1_293' title='bbox 177 2328 212 2362; x_wconf 86' lang='lat' dir='ltr'><strong><em>G</em></strong></span> <span class='ocrx_word' id='word_1_294' title='bbox 236 2328 411 2373; x_wconf 82' lang='lat' dir='ltr'>Actisque</span> <span class='ocrx_word' id='word_1_295' title='bbox 440 2327 529 2363; x_wconf 89' lang='lat' dir='ltr'>VPb</span> <span class='ocrx_word' id='word_1_296' title='bbox 552 2329 641 2374; x_wconf 88' lang='lat' dir='ltr'>(que</span> <span class='ocrx_word' id='word_1_297' title='bbox 666 2328 861 2363; x_wconf 75' lang='lat' dir='ltr'>inductum</span> <span class='ocrx_word' id='word_1_298' title='bbox 888 2328 933 2372; x_wconf 84' lang='lat' dir='ltr'>V)</span> <span class='ocrx_word' id='word_1_299' title='bbox 1027 2338 1116 2373; x_wconf 86' lang='lat' dir='ltr'>prae</span> <span class='ocrx_word' id='word_1_300' title='bbox 1146 2328 1312 2362; x_wconf 86' lang='lat' dir='ltr'>atoribus</span> <span class='ocrx_word' id='word_1_301' title='bbox 1335 2328 1416 2372; x_wconf 80' lang='lat' dir='ltr'>(sic)</span> 
     </span>
    </p>
   </div>
   <div class='ocr_carea' id='block_1_25' title="bbox 72 2372 1417 2418">
    <p class='ocr_par' dir='ltr' id='par_1_26' title="bbox 72 2372 1417 2418">
     <span class='ocr_line' id='line_1_43' title="bbox 72 2372 1417 2418; baseline 0 -11"><span class='ocrx_word' id='word_1_302' title='bbox 72 2373 209 2418; x_wconf 74' lang='lat' dir='ltr'>VPbya</span> <span class='ocrx_word' id='word_1_303' title='bbox 299 2376 344 2408; x_wconf 78' lang='lat'>22</span> <span class='ocrx_word' id='word_1_304' title='bbox 374 2372 587 2418; x_wconf 77' lang='lat' dir='ltr'>appellatae</span> <span class='ocrx_word' id='word_1_305' title='bbox 627 2372 695 2408; x_wconf 91' lang='lat' dir='ltr'>VP</span> <span class='ocrx_word' id='word_1_306' title='bbox 723 2372 892 2418; x_wconf 82' lang='lat' dir='ltr'>repletae</span> <span class='ocrx_word' id='word_1_307' title='bbox 923 2373 990 2418; x_wconf 66' lang='grc' dir='ltr'>δρα</span> <span class='ocrx_word' id='word_1_308' title='bbox 1082 2377 1126 2408; x_wconf 83' lang='lat'>32</span> <span class='ocrx_word' id='word_1_309' title='bbox 1150 2372 1245 2407; x_wconf 81' lang='lat' dir='ltr'>m‘hil</span> <span class='ocrx_word' id='word_1_310' title='bbox 1272 2383 1342 2409; x_wconf 86' lang='lat' dir='ltr'>om.</span> <span class='ocrx_word' id='word_1_311' title='bbox 1372 2373 1417 2407; x_wconf 84' lang='lat' dir='ltr'>V¹</span> 
     </span>
    </p>
   </div>
  </div>
 </body>
</html>
