1614 2549
442 87 777 124 CONSTANTIVS
801 87 863 122 ET
887 87 1122 123 IVLIANVS
1147 92 1214 124 360
1415 90 1497 132 211

149 183 358 237 gittarum
390 181 614 236 densitate,
646 183 819 236 opertus
853 196 1069 223 armorum
1100 182 1146 223 in
1164 181 1337 224 modum
1367 186 1500 226 testu-

148 241 259 283 dinis
292 243 591 282 contextorum
611 240 821 282 abscessit
840 240 1051 282 innoxius.
1096 241 1135 282 3.
1155 241 1221 282 ira
1239 244 1387 283 tamen
1405 245 1499 284 tum

148 301 416 354 sequestrata
466 299 817 341 caduceatoribus
868 299 1011 340 missis
1064 314 1113 340 ex
1157 313 1276 342 more
1327 301 1496 343 clausos

145 358 344 399 blandius
382 358 650 412 hortabatur,
694 360 741 399 ut
777 358 893 398 uitae
933 357 1108 412 speique
1150 359 1386 401 consulturi
1425 360 1498 401 ob-

145 416 302 458 sidium
322 416 536 458 deditione
557 417 777 458 soluerent
797 418 1022 470 oportuna,
1052 417 1338 472 reseratisque
1357 419 1495 472 portis

146 475 310 530 egressi
331 475 544 529 supplices
565 475 724 516 uictori
738 475 932 529 gentium
954 477 1089 516 semet
1102 475 1314 518 offerrent.
1352 478 1392 518 4.
1408 477 1497 532 qui—

144 534 223 576 bus
245 534 361 575 adire
380 534 557 588 propius
578 534 691 575 ausis
713 533 957 574 defensores
982 534 1200 575 moenium
1232 535 1326 576 ideo
1346 550 1496 590 peper-

144 595 305 647 cerunt,
338 592 449 647 quod
482 592 761 634 cohaerenter
794 592 878 633 sibi
910 592 1077 634 iunctos
1112 592 1320 635 duxerant
1360 594 1497 636 isdem

143 653 268 693 notos
302 652 510 705 ingenuos
544 649 754 705 Singarae
787 654 956 705 captos:
999 665 1146 692 eorum
1178 652 1293 692 enim
1324 653 1495 695 miser-a

91 726 124 751 10
144 710 261 751 tione
294 710 430 751 telum
460 724 586 751 nemo
621 709 830 751 contorsit
860 723 938 750 nec
970 724 1096 763 super
1125 724 1229 763 pace
1261 712 1496 765 respondit.

261 768 300 810 5.
331 767 495 810 Deinde
523 768 634 810 datis
667 768 843 809 indutiis
877 768 961 809 diei
992 769 1127 809 totius
1149 771 1191 809 et
1209 769 1361 823 noctis,
1395 773 1494 811 ante

142 827 320 868 alterius
353 827 460 868 lucis
492 827 664 868 initium
684 826 913 868 Persarum
944 826 1128 881 populus
1156 828 1295 869 omnis
1317 828 1493 870 adortus

142 886 265 927 auide
296 886 472 940 uallum,
506 887 663 927 acriter
694 886 861 926 minans
896 899 944 927 ac
976 885 1175 939 fremens,
1206 886 1281 927 ubi
1314 887 1366 927 ad
1398 887 1493 941 ipsa

140 945 309 986 moenia
323 944 584 985 confidenter
599 944 791 998 accessit,
805 944 997 985 instabat
1010 944 1055 985 ui
1076 957 1234 998 magna
1254 945 1493 987 resistenti-

87 1017 121 1043 15
140 1003 219 1044 bus
241 1003 479 1057 oppidanis.
519 1003 557 1044 6.
570 1005 697 1057 atque
718 1017 767 1043 ea
787 1017 832 1043 re
854 1002 1157 1044 sauciabantur
1176 1003 1372 1058 plerique
1391 1003 1493 1046 Par-

138 1061 326 1115 thorum,
371 1062 483 1117 quod
525 1076 624 1115 pars
669 1061 806 1102 scalas
848 1061 1065 1115 uehentes,
1104 1061 1179 1103 alii
1225 1066 1490 1116 opponentes

138 1120 346 1162 uimineas
386 1123 524 1162 crates
562 1120 682 1162 uelut
720 1120 832 1161 caeci
876 1120 1116 1174 pergebant
1157 1120 1368 1162 introrsus
1412 1136 1490 1164 nec

136 1179 300 1220 nostris
350 1179 535 1220 innocui.
623 1179 882 1233 sagittarum
932 1179 1046 1219 enim
1104 1178 1241 1220 nimbi
1296 1180 1487 1222 crebrius

138 1238 372 1279 uolitantes
407 1241 572 1279 stantes
606 1238 839 1278 confertius
877 1237 1171 1292 perforabant,
1208 1238 1490 1293 partibusque

84 1311 118 1336 ρο
139 1299 239 1351 post
271 1296 376 1338 solis
410 1311 607 1337 occasum
640 1311 776 1350 aequa
808 1296 973 1337 iactura
1004 1296 1222 1350 digressis,
1261 1297 1489 1351 adpetente

135 1355 343 1409 postridie
387 1355 493 1408 luce,
538 1355 756 1396 ardentius
801 1355 937 1396 multo
984 1369 1112 1409 quam
1156 1358 1284 1396 antea
1327 1370 1489 1410 pugna-

135 1414 275 1468 batur,
305 1413 405 1455 hinc
437 1413 534 1454 inde
556 1413 880 1455 concinentibus
902 1413 1030 1467 tubis,
1062 1428 1140 1454 nec
1159 1414 1348 1455 minores
1381 1418 1489 1457 stra-

0 1501 3 1522 ;
135 1486 210 1527 ges
243 1473 473 1527 utrubique
506 1472 623 1513 uisae
657 1475 757 1514 sunt
789 1472 998 1514 ambobus
1032 1472 1372 1514 obstinatissime
1393 1488 1488 1516 con-

0 1534 5 1603 }
133 1531 321 1573 luctatis.

0 1605 5 1646 3
79 1606 113 1631 25
254 1591 290 1631 7.
322 1589 485 1631 Verum
524 1593 668 1631 secuto
702 1590 769 1631 die
802 1590 892 1631 otio
927 1590 1127 1631 conmuni
1166 1590 1349 1632 adsensu
1385 1592 1486 1644 post

2 1648 5 1659 ⁵
137 1662 360 1690 aerumnas
405 1648 667 1703 multiplices
714 1649 947 1702 adtributO,
988 1663 1083 1690 cum
1122 1662 1304 1703 magnus
1344 1651 1485 1691 terror

133 1707 470 1749 circumsisteret
526 1722 669 1748 muros
725 1707 966 1761 Persaeque
1016 1707 1139 1761 paria
1187 1708 1485 1763 formidarent,

133 1764 405 1807 Christianae
437 1766 547 1820 legis
569 1766 749 1807 antistes
771 1766 885 1807 exire
918 1780 961 1807 se
981 1766 1093 1808 uelle
1126 1766 1322 1820 gestibus
1343 1769 1484 1808 osten-

132 1824 261 1866 debat
294 1828 337 1866 et
366 1828 486 1879 nutu,
519 1828 776 1879 acceptaque
808 1825 890 1865 fide
911 1825 1022 1880 quod
1047 1825 1186 1866 redire
1217 1826 1483 1879 permittere-

79 1900 113 1926 30
135 1886 206 1924 tur
239 1883 479 1938 incolumis,
510 1898 644 1938 usque
678 1884 730 1924 ad
749 1884 939 1925 tentoria
969 1884 1084 1938 regis
1107 1884 1298 1925 accessit.
1350 1885 1388 1926 8.
1407 1885 1481 1926 ubi

222 2060 239 2090 1
271 2057 447 2099 opertura
479 2055 512 2089 G
605 2059 624 2089 2
655 2056 710 2090 ira
746 2055 851 2090 VGA
880 2056 935 2091 ita
964 2056 1022 2090 Pb
1119 2061 1140 2090 4
1171 2056 1376 2090 consulturi
1410 2056 1480 2091 GA

129 2100 332 2135 consultori
363 2100 450 2135 VPb
513 2104 533 2134 8
558 2101 802 2135 cohaerenter
827 2102 892 2145 baa
917 2101 1139 2135 coherentur
1167 2101 1235 2135 VP
1304 2105 1324 2135 9
1350 2103 1479 2145 captos

129 2146 197 2190 ἔνθα
222 2146 352 2189 captus
381 2145 449 2180 VP
542 2150 580 2179 11
609 2145 683 2179 diei
715 2146 819 2190 Pbgya
851 2145 911 2179 die
950 2145 983 2179 V
1071 2150 1112 2180 12
1137 2146 1297 2190 populus
1329 2155 1394 2180 om.
1420 2147 1480 2180 Rb

130 2196 171 2225 13
197 2190 406 2234 acriterque
434 2191 501 2235 byca
596 2194 637 2224 14
668 2190 832 2224 instabat
865 2191 898 2224 G
930 2190 1133 2225 dimicabat
1161 2192 1198 2224 A
1228 2191 1378 2225 dicabat
1411 2191 1479 2225 VP

129 2235 278 2270 dicebat
303 2235 322 2269 b
393 2239 433 2269 15
459 2237 570 2279 atque
598 2246 643 2269 ea
667 2246 706 2269 re
736 2236 869 2279 scripsi
894 2236 932 2269 et
956 2246 1052 2279 quae
1084 2246 1123 2270 re
1153 2235 1188 2269 V
1210 2246 1254 2270 ex
1281 2246 1354 2279 qua
1378 2247 1417 2270 re
1443 2236 1479 2270 A

128 2290 243 2324 quare
269 2281 311 2325 bs]
335 2280 401 2315 Iac.
428 2280 654 2324 significauit
679 2279 857 2324 Eyssenh.
960 2285 1000 2314 17
1026 2280 1208 2315 uimineas
1238 2280 1342 2325 Pbya
1372 2280 1476 2315 femi-

0 2327 6 2367 ³.
127 2335 216 2359 neas
244 2324 278 2359 V
321 2329 364 2358 26
390 2335 585 2359 aerumnas
610 2325 646 2358 P
671 2335 865 2359 earumnas
894 2325 929 2359 V
971 2329 1014 2360 27
1039 2325 1146 2370 paria
1170 2335 1237 2360 om.
1260 2326 1318 2361 Ro
1366 2330 1408 2360 30
1432 2328 1476 2359 ad

0 2373 11 2442 ἑ
127 2380 243 2414 usque
269 2369 316 2404 ad
345 2369 379 2404 V
399 2381 440 2404 us
445 2381 515 2415 que
542 2370 588 2404 ad
613 2363 718 2414 Pbyd

0 2441 5 2471 3
1190 2427 1261 2461 14*
