1573 2508
90 62 176 105 148
647 55 767 92 XVlII
790 60 823 99 2,
848 59 959 91 5—14

87 155 278 198 militum
298 154 456 195 ducens
487 154 532 192 et
562 153 880 192 commeatuum
910 150 1129 205 perferens
1155 149 1326 204 copiam
1356 147 1440 191 suf-

89 214 305 256 ficientem
336 211 486 252 usibus
518 209 674 263 longis.

207 273 245 314 5.
278 271 384 311 Post
415 268 520 309 haec
551 268 770 321 inpetrata
800 267 995 308 restabat
1026 267 1228 321 adigente
1259 266 1442 308 necessi-

87 334 229 374 tatum
274 327 457 370 articulo
501 329 772 380 receptarum
815 325 989 367 urbium
1032 326 1202 367 moenia
1249 325 1443 380 reparari

86 389 208 432 nullo
248 387 377 429 etiam
417 388 509 427 tum
548 384 885 437 interturbante,
928 384 1056 438 idque
1100 384 1228 425 claris
1271 383 1478 426 indiciiss

89 449 269 502 apparet
300 460 349 486 ea
386 446 645 498 tempestate
684 443 868 484 utilitati
907 442 1104 504 publicae
1136 445 1254 484 metu
1290 442 1442 484 barba-

89 520 160 548 ros
193 504 433 557 oboedisse,
472 502 651 544 rectoris
690 516 834 543 amore
866 501 1098 542 Romanos.
1161 501 1199 542 6.
1230 514 1353 555 reges
1392 515 1444 542 ex

89 567 218 619 pacto
251 561 484 617 superioris
517 561 618 602 anni
651 560 856 602 aedificiis
888 560 1055 601 habilia
1086 559 1225 600 multa
1257 559 1346 601 suis
1366 559 1444 600 mi-

93 637 185 664 sere
218 621 432 675 carpentis
465 623 508 661 et
539 619 755 661 auxiliarii
777 619 938 660 milites
965 633 1133 672 semper
1154 618 1300 659 munia
1331 632 1444 672 sper-

89 684 241 724 nentes
280 680 407 720 huius
445 678 560 719 modi
593 678 644 719 ad
678 677 935 731 obsequendi
973 677 1248 718 sedulitatem
1285 675 1443 718 Iuliani
1463 692 1496 718 10

90 738 316 781 blanditiis
336 737 487 778 deflexi
506 736 896 791 quinquagenarias
917 735 1218 790 longioresque
1238 735 1443 777 materias

89 812 243 840 uexere
285 795 523 838 ceruicibus
567 795 793 849 ingrauate
833 797 875 836 et
910 794 1151 835 fabricandi
1189 794 1443 836 ministeriis

96 871 221 912 opem
254 855 486 896 maximam
519 854 804 895 contulerunt.

212 915 249 955 7.
281 913 399 962 Quae
432 913 532 954 dum
563 912 761 966 diligenti
793 914 1066 953 maturantur
1098 912 1262 966 effectu,
1293 911 1445 953 Hario-

93 973 254 1015 baudes
293 972 525 1026 exploratis
559 971 757 1012 omnibus
791 970 920 1011 rediit
959 970 1188 1024 docuitque
1232 973 1445 1024 conperta.
1465 985 1498 1012 ιε

91 1035 191 1086 post
229 1030 350 1072 cuius
391 1030 622 1071 aduentum
661 1029 854 1071 incitatis
891 1029 1058 1070 uiribus
1098 1044 1244 1070 omnes
1290 1043 1445 1070 uenere

92 1089 436 1144 Mogontiacum,
478 1089 552 1129 ubi
583 1088 803 1129 Florentio
842 1090 885 1128 et
916 1087 1141 1142 Lupicino,
1175 1087 1323 1129 Seueri
1355 1101 1446 1129 suc-

94 1162 274 1202 cessore,
305 1147 519 1188 destinate
551 1147 815 1188 certantibus
846 1160 922 1199 per
953 1149 1128 1200 pontem
1168 1146 1258 1187 illic
1290 1146 1446 1188 consti-

94 1210 240 1250 tutum
278 1206 455 1247 transiri
494 1205 665 1259 debere,
703 1205 971 1246 renitebatur
1009 1204 1255 1246 firmissime
1288 1203 1445 1246 Caesar

94 1266 295 1308 adserens
332 1267 584 1318 pacatorum
622 1268 760 1305 terras
792 1278 879 1304 non
915 1263 1068 1305 debere
1107 1263 1264 1305 calcari
1301 1278 1366 1317 ne,
1397 1265 1446 1305 ut
1465 1279 1500 1305 ιο

94 1338 222 1378 saepe
266 1323 473 1377 contigit,
517 1338 592 1377 per
635 1322 938 1364 inciuilitatem
983 1322 1136 1363 militis
1180 1322 1447 1364 occurrentia

95 1382 347 1425 uastitantis
380 1382 561 1435 abrupte
592 1381 765 1423 foedera
796 1381 1109 1435 frangerentur.

214 1441 252 1483 8.
284 1440 519 1482 Alamanni
538 1445 684 1481 tamen
705 1454 864 1493 omnes,
896 1454 1002 1493 quos
1028 1439 1203 1493 petebat
1223 1439 1446 1493 exercitus,

99 1499 264 1542 confine
301 1499 540 1553 periculum
579 1499 821 1553 cogitantes
854 1497 1125 1539 Suomarium
1164 1511 1311 1552 regem
1343 1498 1447 1539 ami-

95 1573 192 1600 cum
223 1558 349 1599 nobis
370 1572 418 1598 ex
451 1558 648 1611 pactione
680 1557 916 1611 praeterita
935 1559 1193 1597 monuerunt
1219 1557 1445 1598 minaciter
1465 1572 1499 1598 25

94 1620 144 1658 ut
175 1632 200 1657 a
230 1617 417 1657 transitu
438 1616 654 1657 Romanos
676 1618 851 1656 arceret.
913 1615 1004 1656 eius
1036 1616 1149 1656 enim
1183 1615 1285 1669 pagi
1306 1614 1447 1656 Rheni

94 1675 202 1729 ripis
235 1675 513 1716 ulterioribus
546 1674 850 1715 adhaerebant.
912 1688 995 1727 quo
1028 1677 1216 1715 testante
1248 1674 1446 1715 resistere

96 1733 237 1775 solum
274 1747 359 1774 non
397 1747 538 1786 posse,
577 1733 620 1773 in
654 1748 785 1773 unum
818 1736 966 1773 coacta
997 1733 1181 1774 barbara
1212 1732 1445 1773 multitudo

95 1793 215 1833 uenit
246 1805 377 1846 prope
409 1790 731 1845 Mogontiacum
769 1790 1041 1844 prohibitura
1079 1791 1242 1832 uiribus
1276 1790 1445 1845 magnis

97 1851 332 1892 exercitum
363 1864 415 1891 ne
448 1851 764 1891 transmitteret
796 1849 965 1890 flumen.
1027 1850 1064 1890 9.
1097 1850 1270 1904 gemina
1301 1850 1446 1904 itaque
1464 1865 1499 1891 ³0

95 1909 262 1951 ratione
306 1909 447 1950 uisum
493 1912 558 1949 est
601 1908 745 1949 habile
789 1907 900 1962 quod
945 1912 1139 1949 suaserat
1177 1908 1350 1962 Caesar,
1392 1922 1446 1949 ne

96 1971 347 2022 pacatorum
385 1970 524 2008 terrae
563 1969 948 2021 corrumperentur,
985 1981 1093 2009 neue
1130 1967 1342 2009 renitente
1372 1981 1446 2021 pu-

195 2162 215 2191 5
241 2157 455 2190 inturbante
487 2157 552 2192 VP
621 2157 734 2207 idque
763 2157 795 2191 G
826 2158 865 2190 et
889 2167 961 2200 que
993 2157 1104 2192 VPba
1161 2161 1180 2191 7
1206 2158 1349 2191 rectore
1379 2156 1447 2192 VP

98 2212 172 2236 non
198 2202 352 2235 rectoris
380 2202 412 2235 G
462 2202 533 2236 *10
558 2202 827 2236 sedut1litatem
850 2201 915 2236 VP
968 2208 998 2235 Η
1029 2201 1166 2235 defluxi
1190 2201 1253 2236 VP
1302 2205 1341 2235 17
1368 2211 1443 2235 mo-

125 2246 311 2280 antiacum
344 2245 374 2278 V
427 2247 500 2280 *19
528 2246 759 2280 r··nitebatur
786 2246 818 2279 (ι’
845 2246 1035 2280 nitebatur
1067 2246 1177 2280 VPba
1246 2251 1288 2281 *20
1313 2256 1443 2290 pacca-

143 2302 221 2324 rum
247 2290 311 2325 VP
404 2295 446 2324 22
472 2291 685 2325 umtitantig
718 2290 782 2325 VP
863 2297 903 2324 ’.Η
931 2291 1165 2325 Suomarium
1193 2290 1262 2325 GA
1299 2301 1444 2325 sumon-

99 2335 195 2369 rium
227 2334 314 2370 VPb
408 2340 447 2369 27
475 2335 645 2369 resistere
671 2347 725 2369 mn
779 2337 821 2380 by

1514 126 1530 164 ξ.
