1614 2549
349 82 688 119 CONSTANTIVS
713 82 775 117 ΕΤ
798 82 1031 119 IVLIANVS
1057 87 1122 119 357
1332 85 1412 128 113

62 179 148 222 sibi
179 193 306 234 quam
338 176 486 229 militi,
525 177 638 218 sicut
672 178 897 232 perspicue
930 179 1134 233 contigit,
1173 178 1411 221 adsuetum.

61 251 244 292 moxque
288 236 342 278 ad
384 236 528 277 locum
571 235 838 289 praedictum
883 240 949 278 est
992 240 1191 291 uentum,
1234 237 1410 280 flumine

60 295 265 350 pontibus
304 294 535 336 constratis
573 295 829 336 transmisso
863 310 1126 350 occupauere
1159 299 1299 338 terras
1337 297 1411 339 ho-

65 354 200 397 stiles.
243 354 281 395 3.
296 356 341 396 at
361 353 536 394 barbari
554 353 802 407 praestricti
821 355 989 409 negotii
1009 355 1319 411 magnitudine,
1338 357 1411 411 qui

27 429 45 456 5
65 427 110 455 se
153 413 198 454 in
235 412 474 467 tranquillo
512 411 678 465 positos
718 413 808 454 otio
845 415 948 454 tunc
988 428 1140 467 parum
1178 415 1413 469 inquietari

59 486 186 526 posse
219 471 464 526 sperabant,
497 470 681 512 aliorum
713 471 843 512 exitio
878 472 978 525 quid
1010 472 1196 514 fortunis
1230 474 1317 515 suis
1351 475 1412 515 in-

60 531 244 572 mineret
276 530 401 571 anxie
434 530 690 584 cogitantes,
723 529 928 571 simulata
959 531 1077 584 pacis
1110 532 1332 586 petitione,
1363 537 1412 574 ut

59 589 224 644 primae
256 589 483 643 uertigim's
515 588 726 642 impetum
757 588 1037 643 declinarent,
1068 590 1224 631 misere
1244 591 1412 646 legatos

61 662 158 690 cum
194 648 339 689 uerbis
384 647 621 701 conpositis
660 661 767 702 quae
806 647 1109 690 denuntiarent
1154 649 1410 691 concordem

27 706 280 750 ofoederum
323 706 593 759 firmitatem3
645 706 941 761 incertumque
986 722 1069 761 quo
1115 708 1294 750 consilio
1340 712 1414 750 aut

60 765 262 807 instituto
294 768 462 806 mutata
499 765 725 806 uoluntate
765 780 841 819 per
880 766 988 807 alios
1022 781 1148 808 eursu
1181 767 1309 808 celeri
1346 783 1414 809 ue-

60 825 152 865 nire
185 824 413 879 conpulsos
446 824 703 865 acerrimum
734 825 895 866 nostris
919 825 1073 866 minati
1107 828 1206 866 sunt
1238 826 1414 879 bellum,

60 883 106 924 ni
138 898 285 924 eorum
315 883 568 937 regionibus
602 882 896 924 excessissent.

177 942 217 983 4.
238 942 402 991 Quibus
436 942 552 983 clara
571 941 653 982 fide
686 942 903 995 conpertis
936 940 1094 984 Caesar
1114 944 1254 985 noctis
1274 944 1415 997 prima

26 1018 42 1045 5
62 1001 204 1056 quiete
242 1001 430 1055 nauigiis
469 1000 648 1042 modicis
687 1003 730 1042 et
772 1000 992 1042 uelocibus
1038 1002 1309 1056 octingentos
1354 1004 1414 1044 in-

61 1060 206 1114 posuit
236 1060 399 1101 milites
433 1074 483 1101 ea
502 1074 560 1113 re,
591 1062 639 1100 ut
670 1060 715 1100 ui
746 1059 914 1114 ingenti
946 1075 1115 1101 sursum
1147 1076 1321 1102 uersum
1347 1062 1414 1103 de-

62 1133 185 1160 curso
224 1119 386 1174 egressi
424 1118 626 1173 quiequid
663 1118 856 1160 inuenire
900 1120 1122 1172 potuerint
1168 1120 1281 1161 ferro
1327 1121 1415 1162 uio-

62 1177 203 1219 larent
235 1181 278 1219 et
298 1178 497 1219 flammis.
559 1177 597 1219 5.
619 1191 702 1231 quo
723 1177 786 1218 ita
805 1177 1015 1231 disposito
1049 1178 1152 1219 solis
1184 1180 1325 1233 primo
1348 1194 1414 1221 ex-

63 1239 160 1278 ortu
191 1237 296 1278 uisis
336 1252 413 1291 per
445 1236 658 1278 montium
690 1236 872 1278 uertices
910 1236 1108 1278 barbaris
1142 1237 1193 1278 ad
1232 1238 1415 1280 celsiora

62 1295 297 1337 ducebatur
335 1296 516 1337 alacrior
554 1295 679 1336 miles
717 1294 923 1349 nulloque
960 1295 1137 1337 inuento
1171 1321 1225 1326 —
1258 1297 1339 1338 hoc
1378 1299 1414 1338 si

63 1354 235 1409 quidem
256 1355 421 1409 opinati
453 1355 686 1395 discessere
707 1353 934 1395 confestim
955 1379 1009 1384 —
1032 1355 1198 1396 eminus
1218 1355 1415 1409 ingentia

61 1413 170 1454 fumi
200 1413 422 1455 uolumina
443 1413 695 1455 uisebantur
727 1412 963 1454 indicantia
980 1416 1154 1455 nostros
1186 1418 1414 1469 perruptas

61 1472 261 1526 populari
274 1475 412 1514 terras
426 1472 619 1513 hostiles.
647 1472 685 1513 6.
698 1487 804 1526 quae
820 1487 888 1513 res
903 1471 1217 1514 Germanorum
1230 1473 1416 1526 perculit

63 1531 230 1573 animos
264 1534 393 1586 atque
426 1531 605 1572 desertis
639 1530 825 1585 insidiis,
865 1546 970 1585 quas
1008 1546 1086 1585 per
1119 1534 1214 1573 arta
1245 1532 1341 1573 loca
1373 1536 1416 1574 et

27 1601 44 1628 5
62 1589 283 1632 latebrosa
333 1593 577 1632 struxerant
626 1589 805 1643 nostris,
855 1593 975 1631 trans
1019 1590 1194 1632 Menum
1242 1592 1415 1633 nomine

63 1649 242 1690 fluuium
257 1649 310 1691 ad
332 1649 633 1703 opitulandum
656 1649 743 1690 suis
769 1649 1158 1691 necessitudinibus
1174 1650 1416 1692 auolarunt.

65 1708 101 1748 7.
116 1710 164 1749 ut
184 1708 298 1750 enim
317 1708 445 1750 rebus
467 1711 586 1749 amat
604 1707 699 1749 fieri
724 1707 866 1749 dubiis
888 1711 931 1749 et
950 1708 1150 1762 turbatis,
1182 1708 1282 1750 hinc
1303 1710 1416 1764 equi-

62 1769 156 1808 tum
175 1769 423 1808 nostrorum
443 1767 634 1820 adcursu,
657 1766 754 1807 inde
775 1766 961 1821 nauigiis
982 1770 1206 1809 uector-um
1225 1768 1415 1809 militum

63 1825 229 1879 impetu
277 1827 505 1880 repentino
566 1825 870 1880 perterrefacti
921 1826 1127 1867 euadendi
1178 1827 1416 1868 subsidium

28 1884 189 1926 ouelox
232 1885 426 1926 locorum
464 1886 665 1926 inuenere
703 1884 953 1938 prudentes,
998 1900 1180 1939 quorum
1219 1885 1416 1939 digressu

63 1943 189 1984 miles
228 1944 363 1985 libere
404 1944 604 1998 gradiens
638 1943 866 1997 opulentas
904 1958 1056 1997 pecore
1090 1944 1219 1985 uillas
1254 1947 1296 1984 et
1333 1944 1417 1985 fru-

65 2002 191 2056 gibus
229 2003 427 2057 rapiebat
464 2003 575 2044 nulli
611 2001 836 2056 parcendo.
905 2003 1194 2057 extractisque
1234 2003 1416 2057 captiuis

64 2060 285 2103 domicilia
336 2065 488 2103 cuncta
538 2061 726 2102 curatius
786 2061 875 2102 ritu
923 2061 1120 2103 Romano
1172 2064 1418 2103 constructa

22 2131 25 2134 ’
64 2119 250 2161 flammis
284 2120 468 2162 subditis
502 2120 719 2161 exurebat.
771 2120 808 2160 8.
828 2134 1083 2174 emensaque
1117 2121 1417 2162 aestimatione

156 2245 176 2276 8
200 2241 334 2276 misere
365 2241 432 2276 VP
455 2241 637 2276 miserunt
664 2242 731 2285 bya
805 2245 845 2276 10
871 2243 936 2276 aut
963 2242 996 2275 G
1021 2242 1095 2276 stat
1124 2241 1237 2277 VPba
1310 2245 1350 2276 16
1377 2255 1420 2276 en,

66 2295 105 2319 re
130 2286 173 2319 ut
202 2286 240 2319 ui
265 2286 410 2332 ingenti
440 2286 606 2321 Valesius
639 2297 767 2321 eorum
792 2286 859 2320 XX
891 2286 923 2319 V
942 2296 1016 2321 non
1048 2287 1259 2330 compendio
1289 2298 1355 2322 scr.
1382 2287 1418 2320 Γ

68 2329 231 2365 discurso
257 2331 413 2375 Lanam
502 2335 546 2367 20
569 2331 748 2375 nulloque
777 2331 810 2365 G
834 2331 1012 2376 nulleque
1044 2331 1109 2366 VP
1134 2332 1358 2374 nemineque
1386 2332 1416 2364 A

68 2377 110 2409 25
135 2386 286 2409 menum
311 2377 362 2411 sic
392 2376 425 2410 V
427 2376 496 2410 ΘΑ
588 2380 630 2411 33
656 2377 726 2411 rito
758 2376 790 2410 V
875 2380 918 2411 34
944 2377 1159 2421 eniensique
1190 2377 1258 2411 VP

137 2438 313 2466 Amnum-vs
333 2441 577 2466 MAchnnmvs.
1186 2439 1205 2468 8
