1614 2549
607 57 840 94 IVLIANVS
865 61 930 94 362
1398 61 1480 103 277

135 153 319 207 Bospori
351 167 372 194 e
404 152 581 206 regione
615 152 699 194 sibi
731 153 920 207 oppositi
953 152 1164 194 Thracius
1199 156 1242 194 et
1262 151 1484 195 Cimmeri-

136 226 228 254 cus:
266 211 347 252 hac
379 225 508 253 causa
538 210 722 265 Bospori
753 211 946 265 uocitati,
984 211 1098 266 quod
1133 226 1211 266 per
1243 225 1315 253 eos
1354 226 1485 266 quon-

135 270 232 312 dam
252 270 402 311 Inachi
433 269 526 310 filia
544 273 725 323 mutata,
758 272 805 311 ut
831 273 982 324 poetae
1014 270 1226 324 locuntur,
1258 271 1303 311 in
1326 270 1485 313 bouem

134 329 187 370 ad
218 343 335 370 mare
367 327 539 369 Ionium
569 329 821 382 permeauit.

98 401 115 427 5
256 387 320 428 14.
353 387 563 428 Dextram
601 387 736 441 igitur
775 387 1048 428 inflexionem
1086 386 1270 441 Bospori
1309 386 1486 430 Thracii

135 446 293 499 excipit
325 445 558 499 Bithyniae
598 446 716 499 litus,
755 460 884 500 quam
920 448 1088 487 ueteres
1127 445 1269 486 dixere
1307 445 1486 501 Mygdo-

132 504 263 558 niam,
295 503 341 545 in
373 519 458 558 qua
490 503 661 558 Thynia
692 507 734 545 et
765 503 1044 545 Mariandena
1081 507 1181 545 sunt
1212 504 1410 558 legiones
1443 508 1487 547 et

133 562 290 617 Amyci
323 563 506 604 saeuitia
537 562 752 628 Bebryces
786 563 975 617 exempti
1006 563 1168 604 uirtute
1189 562 1393 618 Pollucis,
1423 577 1486 605 re-

134 624 336 675 motaque
376 622 519 674 statio,
558 622 603 662 in
635 636 719 675 qua
749 622 985 663 uolitantes
1018 622 1244 663 minaciter
1280 621 1485 676 harpyias

81 694 114 720 10
133 679 324 721 Phineus
356 682 479 721 uates
512 680 736 733 ho1·rebat;
774 695 850 734 per
883 695 991 735 quae
1024 681 1157 722 litora
1188 681 1233 721 in
1265 680 1382 722 sinus
1416 681 1487 722 ob-

134 738 289 793 longos
323 742 526 780 curuatus
561 737 796 792 Sangarius
831 742 873 780 et
894 738 1064 794 Phyllis
1086 742 1129 780 et
1146 738 1287 794 Lycus
1314 742 1357 781 et
1375 738 1487 780 Rhe-

133 797 212 838 bas
257 797 379 838 fiuuii
422 797 660 839 funduntur
704 798 749 838 in
792 798 942 864 maria,
986 798 1142 852 quibus
1187 800 1486 839 controuersae

134 870 318 910 cyaneae
352 859 452 897 sunt
484 855 790 910 Synplegades,
828 857 990 910 gemini
1022 856 1188 910 scopuli
1225 857 1271 897 in
1300 857 1486 897 uertices

133 915 321 969 undique
370 915 560 968 porrecti
610 914 822 968 diruptos,
881 915 1048 956 adsueti
1097 915 1252 968 priscis
1304 914 1486 956 saeculis

81 990 114 1016 15
135 973 310 1014 obuiam
350 973 433 1014 sibi
478 988 574 1014 cum
618 973 832 1014 horrendo
873 973 1045 1028 fragore
1084 973 1259 1014 conlisis
1297 973 1486 1014 molibus

132 1031 248 1086 ferri,
281 1031 562 1086 cedentesque
588 1035 802 1073 retrorsus
835 1032 923 1073 acri
955 1032 1127 1073 adsultu
1161 1032 1211 1073 ad
1240 1046 1288 1073 ea
1314 1032 1488 1086 reuerti,

135 1105 242 1145 quae
262 1090 500 1144 pulsarant.
560 1105 636 1144 per
659 1090 737 1131 has
760 1105 961 1132 saxorum
981 1091 1295 1132 dehiscentium
1316 1105 1488 1132 00110111-

135 1150 408 1204 santiumque
430 1150 684 1191 crebritates
707 1149 742 1190 si
765 1149 897 1190 etiam
918 1149 1006 1190 ales
1028 1149 1346 1203 interuolasset,
1364 1149 1488 1190 nulla

134 1208 355 1249 celeritate
398 1209 629 1262 pinnarum
668 1208 777 1261 eripi
820 1211 991 1262 poterat
1035 1209 1140 1262 quin
1181 1208 1378 1249 interiret
1416 1222 1488 1262 op-

80 1284 113 1310 20
134 1281 294 1321 pressa.
359 1267 424 1308 15.
456 1267 502 1308 hi
535 1267 701 1321 scopuli
734 1281 830 1307 cum
863 1281 934 1308 eos
968 1266 1087 1321 Argo
1120 1267 1262 1321 prima
1293 1267 1487 1308 omnium

132 1326 256 1367 nauis
291 1323 474 1367 Colchos
513 1326 566 1367 ad
604 1325 890 1379 direptionem
929 1326 1047 1366 aurei
1084 1340 1319 1380 properans
1357 1325 1487 1366 uelle-

132 1384 192 1425 ris
212 1384 491 1438 praeterisset
511 1385 697 1437 innoxia,
729 1384 958 1426 inmobiles
985 1385 1158 1425 turbine
1185 1383 1486 1426 circumfracto

133 1446 291 1484 stetere
330 1443 642 1497 concorporati,
686 1445 734 1483 ut
780 1457 850 1484 603
893 1443 1124 1497 aliquando
1162 1443 1296 1484 fuisse
1335 1443 1488 1484 direm-

132 1505 231 1555 ptos
263 1501 375 1542 nulli
406 1516 519 1543 nunc
539 1502 880 1556 conspicantium
909 1502 1096 1556 credant,
1128 1502 1214 1543 nisi
1247 1516 1374 1556 super
1404 1501 1488 1543 hoc

81 1579 114 1605 25
135 1564 423 1614 congruerent
456 1575 602 1602 omnes
634 1560 875 1614 priscorum
908 1561 1146 1602 carminum
1180 1563 1342 1602 cantus.

255 1619 322 1661 16.
353 1618 459 1661 Post
491 1619 723 1673 Bithyniae
762 1622 929 1673 partem
967 1619 1214 1673 prouinciae
1247 1619 1412 1660 Pontus
1445 1621 1489 1660 et

132 1677 436 1732 Paphlagonia
472 1678 799 1732 protenduntur,
838 1678 883 1719 in
921 1678 1076 1732 quibus
1108 1677 1322 1719 Heraclea
1357 1681 1396 1719 et
1427 1675 1489 1719 Si-

132 1750 244 1790 nope
277 1740 319 1778 et
350 1735 645 1791 Polemonion,
678 1739 720 1777 et
743 1736 919 1778 Amisos
953 1737 1122 1791 amplae
1156 1739 1255 1778 sunt
1287 1737 1488 1778 ciuitates

135 1798 177 1836 et
198 1794 301 1837 Tios
335 1798 377 1836 et
398 1795 629 1848 Amastris,
663 1809 811 1836 omnes
845 1795 896 1836 ab
926 1796 1116 1849 auspicio
1137 1795 1365 1849 diligentia
1396 1794 1488 1836 fun-

81 1873 116 1899 30
135 1853 260 1895 datae
281 1853 555 1908 Graecorum,
589 1856 631 1895 et
652 1852 847 1907 Cerasus,
879 1854 988 1894 unde
1017 1853 1192 1895 aduexit
1222 1854 1351 1894 huius
1371 1852 1490 1895 modi

133 1926 263 1966 poma
300 1912 524 1966 Lucullus,
563 1912 813 1967 insulaeque
853 1912 1028 1966 arduae,
1066 1916 1103 1953 et
1133 1912 1408 1966 Trapezunta
1447 1913 1490 1954 et

227 2031 244 2060 1
269 2027 421 2072 bospori
448 2027 481 2062 G
506 2027 683 2071 bosphori
696 2027 778 2062 Pba
802 2027 997 2078 1103Ᾰ>ρτ136
1029 2026 1062 2060 V
1151 2031 1170 2061 3
1195 2028 1234 2060 in
1258 2027 1395 2061 bouem
1421 2026 1490 2061 ba

134 2073 172 2106 in
197 2083 356 2114 usquem
372 2072 409 2107 P
433 2072 472 2106 in
496 2082 684 2115 usquem
676 2071 720 2104 ad
733 2071 839 2116 maV
948 2076 969 2105 4
994 2071 1038 2105 ad
1072 2082 1172 2105 mare
1196 2091 1237 2096 -
1262 2076 1283 2107 5
1307 2072 1346 2104 in
1384 2072 1422 2104 in
1453 2081 1488 2105 e-

134 2117 222 2152 add.
255 2117 311 2151 Vm
403 2120 422 2151 5
446 2116 686 2151 inflexionem
722 2110 759 2150 A
795 2117 960 2151 -xionem
999 2116 1033 2149 V
1061 2115 1109 2150 ad
1145 2116 1357 2150 maxionem
1380 2116 1417 2150 P
1441 2115 1489 2149 ad

133 2161 314 2196 Maeotim
340 2162 385 2206 by
476 2165 496 2196 6
519 2161 611 2195 litus
634 2162 768 2204 scripsi
790 2161 889 2196 latus
915 2161 1018 2196 codd.
1113 2165 1132 2195 9
1160 2161 1272 2195 statia
1300 2160 1367 2195 VP
1390 2160 1490 2194 thra-

136 2206 193 2241 cia
216 2206 260 2241 ba
352 2210 393 2240 11
419 2207 595 2240 curuatus
620 2205 664 2240 ba
689 2207 846 2241 curuatu
870 2207 906 2241 P
931 2206 1087 2240 curuata
1116 2205 1184 2240 VG
1274 2204 1330 2249 Ly
1333 2215 1396 2239 cus
1418 2204 1489 2239 Va-

136 2251 246 2286 lesius
270 2251 386 2295 byeus
415 2250 450 2285 V
469 2251 576 2285 Bizes
603 2251 637 2284 b
622 2261 668 2295 Λα
740 2255 781 2286 13
807 2261 970 2295 cyaneae
993 2250 1160 2286 Valesius
1184 2252 1361 2285 extranea
1386 2248 1488 2284 codd.

135 2299 178 2331 23
203 2297 346 2330 scetere
370 2306 446 2330 non
471 2296 658 2340 corporati
687 2294 754 2330 VP
822 2297 892 2330 *27
919 2296 958 2330 et
985 2295 1018 2330 G
1048 2305 1114 2330 om.
1140 2296 1242 2330 codd
1313 2299 1355 2329 30
1380 2293 1489 2328 11111113

136 2340 297 2374 nominis
320 2340 455 2384 Haupt
548 2344 588 2376 31
623 2342 661 2374 et
691 2340 827 2375 addida·
854 2340 914 2384 (cf.
944 2341 1048 2377 Coni.
1075 2351 1180 2375 amm.
1200 2351 1239 2384 1)
1266 2341 1338 2382 12.)
