1614 2549
376 53 714 91 CONSTANTIVS
738 53 801 89 ΕΤ
827 51 1011 89 GALLVS
1036 57 1102 90 353
1384 53 1437 96 15
1488 74 1490 76 ’

84 149 344 191 insolentiae
374 149 565 203 pondera
597 149 771 203 grauius
803 149 980 203 librans,
1012 148 1151 203 siquid
1171 147 1349 188 dubium
1367 147 1436 189 de-

36 252 41 260 ,
82 207 301 249 ferebatur
321 211 396 249 aut
426 208 596 262 falsum,
628 222 704 261 pro
738 208 900 262 liquido
922 207 1136 261 accipiens
1157 209 1199 247 et
1219 209 1436 260 conperto,

83 267 196 308 inter
227 267 315 308 alia
346 266 694 308 excarnificatum
727 266 981 308 Gerontium
1000 265 1336 320 Magnentianae
1369 278 1435 306 co-

82 325 231 366 mitem
250 325 388 379 partis
409 324 573 366 exulari
594 339 785 366 maerore
805 325 1022 367 multauit.
1054 326 1091 366 2.
1106 328 1236 378 utque
1258 336 1435 378 aegrum

48 396 65 422 5
83 397 234 438 corpus
256 384 452 438 quassari
473 384 603 424 etiam
635 384 802 424 leuibus
835 384 944 425 solet
965 383 1151 437 offensis,
1183 383 1246 423 ita
1266 382 1433 423 animus

83 442 172 483 eius
193 444 401 496 angustus
423 445 466 483 et
496 445 628 496 tener,
661 442 860 496 quicquid
881 442 1173 495 increpuisset,
1206 441 1259 482 ad
1279 441 1432 482 salutis

83 515 183 542 suae
203 501 472 555 dispendium
505 501 756 542 existimans
788 502 950 542 factum
983 503 1057 541 aut
1089 500 1340 554 cogitatum,
1372 499 1434 540 in-

83 559 270 601 sontium
302 559 500 601 caedibus
533 559 636 600 fecit
666 559 893 601 uictoriam
927 560 1180 600 luctuosam.
1237 559 1275 599 3.
1297 558 1433 612 siquis

82 618 195 659 enim
215 618 470 660 militarium
488 619 558 660 uel
590 618 900 660 honoratorum
922 621 996 660 aut
1015 617 1173 659 nobilis
1201 617 1313 658 inter
1334 630 1433 657 suos

29 691 62 716 ιο
81 691 249 718 rumore
280 680 405 718 tenus
439 680 552 718 esset
572 677 846 718 insimulatus
879 677 1040 718 fouisse
1073 678 1217 730 partes
1238 675 1434 728 hostiles,

81 735 238 777 iniecto
272 750 400 777 onere
432 738 679 777 catenarum
710 736 755 777 in
787 736 959 777 modum
990 736 1143 776 beluae
1178 734 1434 776 trahebatur

82 797 124 835 et
167 794 340 836 inimico
383 798 562 849 urgente
610 795 679 836 uel
716 795 859 848 nullo,
905 795 1028 848 quasi
1067 793 1305 835 sufficiente
1351 792 1434 833 hoc

82 853 187 906 solo,
220 853 332 907 quod
362 854 609 894 nominatus
632 856 745 894 esset
778 857 851 894 aut
870 853 1039 894 delatus
1071 855 1144 893 aut
1175 851 1434 905 postulatus,

82 912 220 966 capite
252 912 322 952 uel
353 912 611 954 multatione
642 912 854 953 bonorum
887 914 960 953 aut
992 911 1174 952 insulari
1202 909 1433 951 solitudine

29 983 62 1010 15
81 970 378 1012 damnabatur.

198 1029 239 1070 4.
254 1028 529 1070 Accedebant
543 1030 657 1070 enim
672 1030 762 1070 eius
784 1028 1022 1083 asperitati,
1043 1028 1117 1069 ubi
1137 1027 1351 1069 inminuta
1369 1026 1435 1067 uel

81 1088 191 1129 laesa
204 1088 443 1142 amplitudo
463 1088 633 1142 imperii
653 1088 887 1141 dicebatur,
920 1090 962 1128 et
983 1087 1211 1128 iracundae
1231 1084 1435 1139 suspicio-

80 1161 182 1188 num
203 1147 438 1201 quantitati
454 1147 749 1201 ¹proximorum
771 1149 970 1187 cruentae
990 1145 1228 1186 blanditiae
1255 1157 1435 1198 exagge-

81 1205 272 1247 rantium
303 1205 535 1247 incidentia
567 1209 610 1246 et
641 1206 784 1246 dolere
817 1205 1017 1259 inpendio
1052 1204 1364 1257 simulantium,
1398 1202 1435 1243 si

28 1277 62 1302 20
81 1264 289 1318 principis
309 1264 577 1318 periclitetur
596 1265 700 1317 uita,
734 1279 759 1305 a
778 1265 898 1305 cuius
932 1264 1070 1304 salute
1092 1263 1211 1304 uelut
1243 1262 1316 1303 filo
1335 1275 1434 1315 pen-

81 1323 178 1364 dere
212 1325 372 1364 statum
393 1323 511 1364 orbis
543 1326 756 1364 terrarum
786 1322 897 1364 fictis
919 1322 1094 1363 uocibus
1123 1320 1434 1362 exclamabant.

82 1381 120 1423 5.
140 1381 319 1435 ideoque
347 1382 485 1422 fertur
503 1382 718 1423 neminem
739 1381 970 1435 aliquando
991 1381 1037 1421 ob
1057 1380 1163 1421 haec
1182 1379 1252 1420 uel
1274 1378 1435 1420 similia

81 1454 244 1494 poenae
278 1440 493 1481 addictum
529 1441 678 1482 oblato
710 1441 760 1481 de
800 1454 917 1481 more
950 1439 1092 1494 elogio
1126 1437 1320 1480 reuocari
1352 1438 1435 1478 ius-

83 1499 201 1553 sisse,
239 1499 351 1553 quod
389 1499 677 1540 inexorabiles
711 1513 879 1554 quoque
916 1498 1130 1552 principes
1168 1497 1434 1538 factitarunt.

31 1570 65 1596 25
85 1560 127 1599 et
147 1557 321 1599 exitiale
340 1557 422 1599 hoc
455 1558 622 1612 uitium,
655 1558 767 1612 quod
799 1558 844 1598 in
865 1557 962 1598 aliis
995 1571 1081 1598 non
1107 1570 1343 1610 numquam
1375 1555 1435 1595 in-

83 1616 277 1671 tepescit,
308 1617 354 1657 in
384 1617 461 1658 illo
495 1617 651 1658 aetatis
683 1630 915 1671 progressu
947 1615 1263 1668 efferuescebat,
1305 1613 1436 1655 obsti-

82 1678 232 1717 natum
265 1676 354 1716 eius
374 1676 646 1730 propositum
678 1675 933 1717 accendente
955 1674 1226 1716 adulatorum
1247 1672 1435 1714 cohorte.

202 1734 240 1775 6.
255 1733 375 1775 Inter
390 1749 495 1789 quos
516 1734 677 1776 Paulus
699 1734 916 1776 eminebat
940 1733 1134 1775 notarius
1156 1734 1275 1774 ortus
1297 1731 1342 1772 in
1360 1730 1436 1771 Hi—

85 1793 248 1847 spania,
281 1793 434 1847 glabro
457 1793 629 1847 quidam
663 1794 740 1835 sub
762 1793 886 1834 uultu
918 1793 1071 1846 latens,
1104 1790 1309 1833 odorandi
1341 1790 1435 1830 uias

32 1863 66 1890 30
83 1851 371 1906 periculorum
392 1852 583 1893 occultas
602 1867 811 1907 perquam
831 1864 978 1905 sagax.
1021 1851 1057 1892 is
1079 1851 1124 1891 in
1143 1848 1436 1891 Brittanniam

83 1911 240 1952 missus
272 1913 320 1952 ut
350 1911 563 1952 militares
588 1911 796 1965 quosdam
827 1910 1077 1965 perduceret
1110 1922 1236 1950 ausos
1270 1906 1437 1960 conspi-

83 1983 202 2011 rasse
233 1969 499 2023 Magnentio,
531 1984 627 2010 cum
658 1970 787 2011 reniti
818 1984 905 2010 non
935 1970 1123 2022 possent,
1160 1967 1278 2008 iussa
1309 1966 1437 2007 licen-

83 2027 169 2069 tius
210 2041 511 2082 supergressus
550 2028 738 2069 fluminis
778 2028 904 2069 modo
942 2026 1126 2068 fortunis
1166 2024 1438 2079 conplurium

177 2158 217 2189 16
236 2165 309 2198 pro
332 2155 398 2189 ubi
421 2155 530 2190 inser.
558 2155 697 2189 iactata
720 2154 836 2199 uulgo
868 2154 1034 2195 crimina,
1061 2153 1196 2198 quibus
1226 2152 1295 2196 bya
1375 2150 1437 2184 uel

83 2199 186 2234 laesa
209 2200 297 2234 add.
329 2199 496 2234 Valesius
521 2200 615 2243 (coll.
641 2204 694 2241 21,
723 2203 775 2242 16,
802 2201 836 2241 9)
863 2200 929 2236 lac.
955 2203 973 2233 7
1000 2199 1072 2233 litt.
1103 2198 1170 2232 VP
1258 2200 1297 2230 18
1323 2206 1436 2239 quan-

87 2244 188 2278 titati
212 2254 281 2279 om.
307 2245 376 2289 bya
422 2249 466 2279 20
489 2245 768 2289 periclitaretur
794 2243 833 2279 (J.
852 2244 899 2279 F.
922 2244 978 2280 W.
999 2243 1136 2278 Miiller
1190 2240 1386 2285 er<di>tur
1406 2238 1441 2273 V

83 2292 126 2323 22
146 2289 192 2324 ob
210 2289 299 2324 add.
318 2289 384 2334 bya
465 2293 508 2324 29
528 2289 658 2334 glabro
680 2289 712 2323 G
730 2289 862 2335 glaber
885 2289 997 2324 VPba
1078 2291 1148 2323 *30
1198 2285 1378 2321 rittannia
1406 2283 1440 2318 V

86 2333 154 2369 *33
180 2334 415 2378 conplurium
441 2334 483 2369 in
508 2335 575 2369 lac.
603 2339 644 2370 10
668 2335 739 2370 litt.
763 2334 852 2370 add.
882 2334 928 2368 V²
