1573 2508
97 81 177 123 128
620 76 723 112 xvn
747 80 779 120 s,
806 79 904 119 1-9,
929 79 948 111 ε

96 174 304 216 adsiliunt
347 173 416 215 uel
459 172 712 214 relabuntur
760 170 1082 213 concidentibus
1132 168 1272 211 terris.
1342 171 1446 210 tunc
1534 187 1551 220 ῃ

98 234 213 275 enim
256 246 427 274 necesse
472 234 537 272 est
580 231 701 272 uelut
750 229 933 271 taurinis
982 228 1160 270 reboare
1204 226 1445 283 mugitibus
1530 214 1552 275 ἲ3,

96 291 291 346 fragores
323 290 606 344 fremitusque
637 292 844 331 terrenos.
906 287 980 329 sed
1009 286 1109 328 hinc
1141 286 1194 328 ad
1225 300 1388 328 exorsa.
1533 269 1552 329 1

220 349 262 391 8.
294 351 329 390 1.
351 349 411 390 At
432 348 588 391 Caesar
607 347 794 389 hiemem
817 346 930 401 apud
960 345 1152 387 Parisios
1184 357 1316 400 agens
1346 343 1448 386 Ala·
1531 333 1553 433 ἕ

99 423 279 450 mannos
312 408 563 462 praeuenire
596 406 738 448 studio
771 404 1019 447 maturabat
1050 404 1228 459 ingenti,
1258 403 1449 446 nondlnn
1467 410 1484 437 ὁ
1523 441 1551 460 ,ἦ

100 467 145 508 111
176 482 309 508 unum
341 469 512 508 coactos
545 465 617 507 sed
655 466 696 506 in
731 464 941 506 insaniam
979 466 1079 517 post
1109 462 1450 517 Argentoratum

101 526 283 567 audaces
313 540 461 567 omnes
491 529 533 566 et
565 538 730 575 saeuos,
756 523 1037 577 operiensque
1057 521 1217 563 Iulium
1247 535 1450 575 mensem,

102 585 211 626 unde
245 587 419 626 sumunt
452 583 666 625 Gallicani
698 582 942 636 procinctus
969 580 1156 633 exordia,
1188 579 1349 622 diutius
1381 593 1452 621 an-

102 645 297 698 gebatur.
340 658 416 684 nec
451 643 563 684 enim
596 641 741 696 egredi
773 643 944 694 poterat
976 642 1203 694 antequam
1237 653 1287 680 ex
1320 638 1451 693 Aqui·

101 703 223 744 tania
255 703 433 743 aestatis
466 701 718 743 remissione
750 699 904 741 solutis
936 698 1172 753 frigoribus
1205 701 1248 739 et
1285 697 1451 752 pruinis
1473 704 1505 730 ¹⁰

102 761 332 802 ueheretur
364 775 544 802 annona.
605 760 644 801 2.
677 758 749 800 sed
786 761 835 800 ut
873 760 937 799 est
976 756 1282 799 difficultatum
1318 769 1452 811 paene

103 820 297 861 omnium
330 819 514 873 diligens
555 818 667 860 ratio
705 817 874 870 uictrix,
915 816 1053 858 multa
1093 819 1235 857 mente
1277 829 1457 856 uersans

106 883 148 920 et
181 879 302 920 uaria
333 878 376 918 id
410 876 791 931 tandemrepperit
823 876 976 929 solum,
995 877 1044 916 ut
1070 875 1170 916 anni
1202 873 1454 916 maturitate

102 951 190 978 non
221 939 465 991 exspectata
497 936 692 977 barbaris
719 937 961 976 occurreret
992 934 1235 988 insperatus
1266 932 1456 974 firmato-

105 1009 186 1050 que
219 995 398 1037 consilio
430 995 509 1036 XX
542 995 707 1036 dierum
739 995 1002 1035 frumentum
1035 1007 1085 1034 cx
1117 1006 1179 1045 eo,
1217 991 1331 1047 quod
1363 994 1455 1033 erat
1475 1003 1508 1030 15

106 1055 150 1095 in
189 1054 360 1095 sedibus
400 1053 752 1106 consumendum,
791 1052 843 1094 ad
881 1066 982 1094 usus
1022 1051 1352 1092 diuturnitatem
1390 1065 1455 1092 ex-

105 1116 275 1154 coctum
295 1112 554 1164 bucelatum,
586 1115 634 1154 ut
654 1112 787 1166 uulgo
809 1110 1041 1165 appellant,
1074 1110 1232 1151 umeris
1264 1110 1457 1163 inposuit

105 1171 336 1212 libentium
357 1171 558 1224 militum,
590 1171 755 1225 hocque
788 1169 979 1211 subsidio
1000 1168 1136 1210 fretus
1170 1168 1377 1222 secundis,
1408 1170 1457 1210 ut

107 1232 224 1284 ante,
263 1230 466 1284 auspiciis
505 1229 722 1284 profectus
763 1231 845 1277 est,
884 1228 998 1269 intra
1035 1242 1225 1268 mensem
1259 1227 1458 1282 quintum

107 1289 176 1330 uel
216 1293 384 1330 sextum
423 1289 526 1330 duas
566 1288 856 1342 expeditiones
899 1286 1187 1328 consummari
1224 1300 1349 1340 posse
1392 1300 1459 1327 ur-
1478 1298 1512 1324 20

108 1350 259 1402 gentes
305 1351 347 1388 et
389 1348 649 1388 necessarias
694 1346 944 1388 arbitratus.
1013 1346 1050 1386 3.
1095 1345 1250 1400 quibus
1294 1345 1458 1398 paratis

107 1407 219 1460 petit
250 1406 412 1460 primos
446 1407 637 1447 omnium
668 1405 869 1454 Francos⁹
901 1419 971 1446 eos
1003 1404 1204 1445 uidelicet
1225 1417 1331 1457 quos
1364 1417 1458 1445 con-

109 1465 289 1506 suetudo
323 1464 463 1506 Salios
497 1465 746 1519 appellauit.
778 1478 904 1505 ausos
938 1463 1043 1504 olim
1074 1463 1119 1504 in
1138 1462 1334 1504 Romano
1366 1462 1458 1504 solo

110 1524 222 1578 apud
255 1523 562 1565 Toxiandriam
597 1524 737 1565 locum
770 1522 1019 1564 habitacula
1059 1521 1140 1563 sibi
1179 1521 1309 1575 figere
1341 1535 1459 1575 prae-

109 1582 302 1624 licenter.
365 1583 430 1623 0111
470 1597 566 1623 011111
599 1582 798 1635 Tungros
831 1582 1040 1634 uenisset,
1077 1580 1262 1621 occurrit
1295 1580 1459 1634 legatio
1479 1589 1512 1614 2⁵

108 1641 439 1695 praedictorum,
472 1641 740 1694 opinantium
775 1640 951 1693 reperiri
985 1640 1290 1693 imperatorem
1329 1639 1460 1680 etiam

110 1703 205 1741 tum
238 1700 280 1739 in
314 1699 523 1748 hibernis,
556 1714 703 1753 pacem
743 1699 820 1739 sub
856 1699 933 1739 hac
974 1698 1068 1753 lege
1100 1697 1381 1751 praetendens
1412 1700 1461 1738 ut

111 1758 379 1812 quiescentes
419 1773 489 1799 eos
523 1762 745 1812 tamquam
784 1758 825 1798 in
866 1758 954 1798 suis
979 1771 1056 1798 nec
1083 1757 1312 1797 lacesseret
1350 1756 1461 1811 quis-

113 1831 242 1871 quam
276 1832 351 1857 nec
383 1820 572 1857 uexaret.
636 1817 712 1857 hos
746 1817 913 1869 legatos
933 1816 1108 1869 negotio
1142 1815 1265 1868 plene
1292 1814 1461 1869 digesto

112 1875 396 1929 oppositaque
447 1875 743 1916 condicionum
796 1874 1078 1929 perplexitate
1131 1876 1179 1914 ut
1232 1874 1276 1914 111
1325 1873 1460 1915 isdem
1481 1883 1515 1908 ³0

111 1934 323 1975 tractibus
356 1939 614 1986 moraturus,
647 1934 745 1975 (111111
772 1934 960 1987 redeunt,
992 1936 1238 1974 muneratos
1260 1932 1461 1974 absoluit.

112 1993 151 2032 4.
173 1993 370 2047 dictoque
404 1994 529 2034 citius
563 1996 733 2034 secutus
766 1993 980 2046 profectos
1002 1991 1160 2032 Seuero
1194 1991 1297 2032 duce
1330 1991 1461 2032 misso

113 2066 188 2104 por
219 2052 358 2104 ripam
393 2052 536 2093 subito
557 2056 731 2092 cunctos
753 2051 981 2104 adgressus
1014 2055 1236 2104 tamquam
1268 2049 1461 2090 fulminis

113 2110 241 2149 turbo
280 2111 483 2162 perculsit
525 2111 694 2164 iamque
735 2114 956 2164 precantes
1001 2109 1143 2162 potius
1190 2123 1317 2162 quam
1363 2108 1463 2149 resi-

209 2275 220 2304 1
251 2271 530 2305 concidentibus
555 2271 686 2315 scripsi
712 2271 989 2305 considentibus
1013 2270 1116 2306 codd.
1165 2274 1184 2304 6
1217 2271 1252 2304 in
1278 2268 1359 2304 omsv
1377 2269 1462 2304 VPb

118 2315 164 2349 ad
189 2316 224 2348 A
272 2319 291 2349 8
317 2316 524 2360 agebantur
548 2316 612 2350 VP
664 2320 702 2350 13
729 2316 880 2350 tandem
899 2317 931 2350 A
958 2315 1103 2350 tantum
1127 2314 1238 2359 Vl’by
1287 2318 1327 2349 17
1352 2314 1462 2349 buce-

115 2360 230 2393 latum
260 2360 294 2394 P
317 2361 527 2394 bus-clatum
560 2361 593 2393 Γ
1492 2378 1504 2382 ”’
1561 2356 1568 2396 1
