1614 2549
553 69 895 106 CONSTANTIVS
920 76 986 107 355
1383 77 1438 118 ⁴35

86 166 200 207 dices
233 164 486 206 succinctius
520 164 720 205 edocebo.
758 165 797 206 6.
823 168 922 220 post
952 166 1175 208 interitum
1206 169 1437 211 rebellium

85 227 384 278 tyrannorum,
419 237 524 277 quos
564 223 616 264 ad
650 223 756 264 haec
786 225 1037 278 temptanda
1070 240 1176 280 quae
1207 232 1436 269 mouerunt

85 283 227 324 rabies
260 282 350 337 egit
381 284 424 323 et
454 281 585 335 furor,
617 282 736 324 uelut
766 283 910 337 impiis
944 298 1092 325 eorum
1123 285 1320 327 manibus
1352 286 1434 328 Ro-

85 356 211 383 mano
243 341 452 396 sanguine
483 343 758 394 parentantes
790 342 1032 395 persultant
1063 343 1239 385 barbari
1271 344 1433 386 Gallias

49 413 66 439 5
84 403 210 455 rupta
229 400 417 441 limitum
448 413 568 453 pace:
599 399 680 441 hac
701 400 882 441 animati
913 400 1078 454 fiducia,
1112 403 1223 456 quod
1250 418 1325 444 nos
1359 419 1434 457 per

84 459 440 501 disiunctissimas
478 461 616 500 terras
649 458 803 500 arduae
835 460 1114 501 necessitates
1148 462 1434 516 adstringrmt.

86 519 123 559 7.
154 517 252 559 111110
284 518 417 572 igitur
437 517 552 558 malo
584 517 700 559 ultra
731 518 929 571 adposita
961 519 1047 559 iam
1077 521 1363 573 proserpenfi,
1397 522 1434 562 si

84 577 183 618 dum
222 577 384 630 patitur
422 579 590 630 tempus
636 577 869 618 occurrerit
905 578 1044 618 nostri
1082 578 1299 632 uestrique
1339 594 1434 620 con-

83 635 186 677 sulti
218 635 481 690 suffragium,
514 637 556 676 et
588 635 699 676 colla
719 636 999 689 superbarum
1027 637 1221 690 gentium
1247 637 1434 679 detume-

31 708 64 733 10
82 697 201 736 scent
233 698 275 735 et
311 694 483 748 imperii
514 694 619 734 fines
654 697 778 735 erunt
814 695 980 735 intacti.
1042 697 1179 736 restat
1210 699 1258 737 ut
1289 711 1432 738 rerum

81 768 212 808 spem,
245 768 372 808 quam
405 766 519 807 gero,
553 753 734 794 secundo
767 753 981 795 roboretis
1016 754 1178 795 effectu.
1229 755 1266 796 8.
1304 755 1432 796 Iulia-

80 827 183 853 num
214 812 326 854 hunc
357 812 538 853 fratrem
570 826 713 852 meum
742 813 1002 866 patruelem,
1043 816 1090 853 ut
1120 813 1276 866 nostis,
1314 828 1432 855 uere·

81 871 245 924 cundia,
279 886 362 926 qua
393 871 518 912 nobis
552 871 612 911 ita
644 873 692 911 ut
724 871 1038 913 necessitudine
1064 885 1187 912 carus
1209 874 1285 924 est,
1316 875 1431 913 recte

81 932 320 984 spectatum
351 930 521 984 iamque
554 930 760 971 elucentis
793 930 1027 972 industriae
1048 930 1245 971 iuuenem
1265 931 1311 971 in
1331 930 1430 972 Cae-

28 1002 60 1028 15
80 989 187 1030 saris
221 989 423 1030 adhibere
453 990 714 1043 potestatem
747 992 915 1043 exopto,
948 989 1129 1042 coeptis,
1162 989 1199 1029 si
1231 989 1432 1031 uidentur

0 1055 1 1059 ’
79 1047 216 1100 utilia,
250 1048 380 1089 etiam
410 1050 555 1089 uestra
584 1048 863 1089 consensione
896 1047 1146 1089 firmandis.‘'

197 1107 235 1148 9.
256 1106 409 1148 Dicere
425 1121 551 1160 super
565 1105 633 1146 his
646 1106 773 1159 plura
789 1110 1015 1148 conantem
1035 1107 1318 1160 interpellans
1335 1121 1431 1147 con-

77 1165 138 1206 tio
172 1166 309 1206 lenius
341 1164 598 1219 prohibebat
630 1165 858 1207 arbitrium
878 1166 1035 1207 summi
1053 1165 1241 1206 numinis
1262 1165 1305 1205 id
1326 1179 1430 1219 esse,

77 1239 164 1266 non
188 1224 344 1265 mentis
363 1224 574 1265 humanae
602 1223 721 1265 uelut
750 1225 944 1278 praescia
963 1224 1134 1265 uenturi
1166 1224 1430 1277 praedicans.

25 1297 60 1322 20
81 1283 147 1324 10.
167 1286 369 1338 stansque
396 1283 630 1337 imperator
650 1283 868 1324 inmobilis
901 1284 1000 1324 dum
1033 1283 1228 1332 silerent,
1261 1283 1431 1323 residua

77 1342 277 1383 fidentius
311 1342 543 1396 explicauit
575 1341 694 1395 ‘quia
726 1342 862 1395 igitur
893 1346 1084 1383 uestrum
1118 1355 1285 1394 quoque
1312 1342 1430 1382 fauo-

77 1415 167 1441 rem
199 1401 346 1442 adesse
377 1401 575 1442 fremitus
608 1400 770 1441 indicat
801 1401 952 1449 laetus,
985 1400 1232 1441 adulescens
1264 1400 1427 1453 uigoris

75 1459 313 1514 tranquilli,
346 1460 463 1501 cuius
495 1460 725 1512 temperati
757 1473 898 1500 mores
932 1458 1130 1500 imitandi
1154 1460 1252 1499 sunt
1283 1458 1427 1512 potius

77 1534 204 1573 quam
235 1518 523 1573 praedicandi,
556 1518 608 1559 ad
639 1517 847 1559 honorem
878 1520 1178 1572 prosperatum
1208 1520 1429 1571 exsurgat:

24 1590 57 1615 25
77 1578 194 1619 cuius
227 1578 494 1632 praeclaram
526 1577 717 1618 indolem
748 1577 872 1618 bonis
896 1577 1060 1618 artibus
1084 1576 1329 1617 instituta-m
1348 1575 1430 1617 hoc

75 1637 167 1690 ipso
206 1637 332 1690 plene
370 1637 519 1678 uideor
559 1636 805 1689 exposuisse
845 1636 958 1690 quod
1002 1635 1126 1689 elegi.
1189 1647 1292 1689 ergo
1332 1649 1427 1675 eum

74 1698 298 1749 praesente
330 1698 436 1737 nutu
468 1695 536 1736 dei
568 1694 765 1736 caelestis
799 1695 957 1736 amictu
988 1693 1220 1748 principali
1240 1693 1424 1734 uelabo.'

195 1755 260 1795 11.
275 1754 397 1795 Dixit
410 1768 593 1808 moxque
608 1754 805 1794 indutum
820 1754 937 1795 auita
955 1767 1143 1807 purpura
1155 1751 1371 1793 Iulianum
1386 1755 1428 1793 et

77 1811 305 1854 Caesarem
349 1827 444 1854 011111
489 1812 700 1854 exercitus
746 1812 903 1866 gaudio
948 1813 1211 1853 declaratrun
1249 1810 1317 1852 his
1359 1811 1427 1852 ad-

21 1883 56 1909 30
74 1872 266 1926 loquitur
292 1872 576 1913 contractiore
608 1871 733 1912 uultu
764 1872 1076 1913 submaestum:

195 1931 262 1972 12.
289 1930 525 1985 ‘Recepisti
556 1931 801 1984 primaeuus
823 1930 1004 1984 originis
1037 1933 1134 1970 tuae
1156 1928 1426 1981 splendidum

74 1989 235 2043 florem,
269 1990 563 2031 amantissime
590 1988 697 2029 mihi
731 1989 921 2029 omnium
942 1989 1094 2029 frater:
1127 1989 1252 2028 aucta
1283 1987 1426 2040 gloria
1456 2003 1459 2009 ·

73 2063 167 2090 mea
188 2049 395 2089 confiteor
415 2049 487 2102 qui
508 2049 645 2089 iustus
666 2047 711 2088 in
731 2047 959 2088 deferenda
980 2046 1191 2101 superiori
1211 2047 1424 2098 potestate

164 2222 182 2251 7
208 2217 378 2262 opposita
396 2216 428 2249 G
479 2219 520 2250 10
537 2216 580 2248 ut
595 2225 733 2293 {ferm}
753 2214 786 2249 G
812 2216 988 2266 ueturum
1018 2215 1051 2266 1<
1095 2216 1164 2248 *14
1190 2213 1370 2292 ellpcentis
1391 2213 1423 2246 G

73 2261 1215 2355 333?ssssss¹3²3ffiss⁶020¹¹³³¹1²zi⁰1¹352232532⁶}Quaerat&
1244 2284 1281 2338 Ἀ
1301 2261 1422 2337 Ἓξ,

71 2351 179 2386 tendi
214 2350 327 2396 1⁷qu
419 2355 462 2386 33
486 2359 668 2395 superiori
702 2349 736 2384 G
765 2360 932 2394 superari
962 2349 1029 2383 VP

145 2415 324 2441 Aummws
344 2415 588 2441 Mnucnnmxvs.
1189 2410 1208 2440 5
