1573 2508
1397 0 1573 79 ’Ἰ

140 180 271 235 stigia
304 180 539 222 interibant
572 179 737 221 eminus
770 179 925 222 confixi
957 180 1199 223 tormentis.
1268 180 1333 222 11.
1372 180 1484 222 inter

140 254 248 294 quae
269 238 465 280 destituti
492 238 656 292 pedites
683 241 782 292 post
807 238 1028 280 naualium
1054 239 1267 282 sociorum
1287 252 1485 280 occasum

139 298 292 339 obtriti
338 300 437 338 sunt
483 297 596 338 saxis
642 297 886 338 inmanibus
936 300 1105 352 praeter
1148 312 1327 352 paucos,
1377 311 1484 353 quos

138 360 277 398 morte
309 355 476 397 scilicet
506 370 583 409 per
614 355 806 409 inpedita
838 356 1023 411 suffugia
1042 356 1249 398 uelocitas
1269 357 1486 398 exemerat

137 415 304 469 pedum.
366 414 417 455 ad
438 414 638 455 ultimum
659 414 892 456 certamine
924 417 1144 470 protracto
1178 415 1222 456 in
1247 428 1484 469 uesperam,
1502 427 1519 454 5

138 473 325 528 datoque
365 473 489 528 signo
532 473 575 514 in
613 476 853 527 receptum,
893 488 942 515 ex
981 488 1097 515 more
1136 473 1264 515 ambo
1301 472 1485 527 digressi

138 532 223 573 diei
254 531 471 573 residuum
493 532 649 573 animis
670 545 794 586 egere
827 531 1082 586 disparibus.
1137 532 1200 574 12.
1222 531 1486 573 munitorum

139 591 252 632 enim
274 604 503 644 maeroreS,
533 590 684 632 funera
716 591 954 645 lugentium
976 591 1165 645 propria,
1196 590 1485 646 prohibitores

140 664 214 704 spe
247 649 334 691 iam
368 649 595 703 superandi
626 649 872 703 firmabant,
903 650 1005 691 licet
1037 650 1117 704 ipsi
1140 663 1307 705 quoque
1327 662 1486 704 paucos

139 709 371 763 gemebant
403 708 597 750 amissos.
658 709 972 762 properabatur
1003 712 1148 750 tamen
1179 707 1315 750 nihilo
1346 707 1486 749 minus
1508 723 1541 748 ιο

140 770 194 821 et,
233 769 441 821 quantum
485 767 727 808 recreandis
770 767 935 808 uiribus
970 768 1112 822 quiete
1157 770 1199 808 et
1237 767 1333 808 cibo
1379 766 1486 807 satis

137 825 234 878 fuit,
277 826 441 867 tributo
485 840 561 880 per
598 825 739 867 noctis
784 826 979 880 integrae
1018 826 1219 880 spatium,
1262 828 1488 880 reparatur

139 884 248 926 lucis
288 884 460 925 exordio
499 884 711 938 proelium
749 885 1028 926 incitamento
1067 885 1282 926 tubarum.
1347 884 1412 926 13.
1445 885 1489 924 et

140 943 313 997 quidam
346 942 472 984 elatis
506 957 632 997 super
665 943 807 997 capita
840 943 971 984 scutis
992 946 1039 984 ut
1070 943 1303 998 pugnaturi
1336 942 1488 996 leuius,

139 1002 216 1043 alii
247 1001 454 1043 uehentes
486 1002 644 1043 umeris
683 1004 730 1042 ut
763 1005 890 1043 antea
929 1002 1067 1043 scalas
1106 1002 1372 1056 feruentique
1411 1001 1487 1042 im·
1507 1013 1542 1040 15

138 1062 241 1114 petu
272 1062 586 1114 procurrentes,
617 1063 792 1113 pectora
814 1060 1145 1102 multiformium
1177 1060 1364 1102 telorum
1395 1059 1487 1101 icti-

139 1119 218 1160 bus
252 1118 533 1173 exponebant.
595 1118 671 1159 alii
701 1118 885 1160 ferratas
918 1122 1141 1172 portarum
1172 1119 1315 1161 obices
1349 1118 1487 1160 effrin-

139 1177 300 1232 gendas
334 1177 487 1230 adorti,
519 1177 634 1218 ultro
667 1177 840 1231 ignibus
872 1178 1130 1232 petebantm·
1161 1177 1229 1219 uel
1264 1177 1379 1219 saxis
1400 1190 1489 1218 mu-

139 1236 305 1278 ralibus
339 1236 614 1290 oppetebant.
677 1236 850 1290 quidam
881 1238 1044 1278 fossam
1071 1236 1270 1278 fidentius
1302 1235 1487 1277 transire
1566 1282 1567 1285 Ἴ

139 1295 296 1348 conati,
339 1295 574 1349 repentinis
607 1309 753 1336 eorum
798 1295 1052 1349 adsultibus,
1095 1295 1167 1350 qui
1206 1294 1488 1349 erumpebant
1507 1298 1569 1341 20',

140 1353 335 1395 clanculo
374 1368 450 1407 per
482 1353 684 1407 posticas,
722 1354 904 1395 ruebant
937 1354 1106 1395 incaute
1137 1354 1203 1395 uel
1240 1353 1375 1395 saucii
1406 1352 1489 1394 dis·
1562 1350 1569 1389 ἶ

139 1412 360 1454 cedebant.
422 1427 618 1453 recursus
651 1413 763 1453 enim
798 1413 850 1454 ad
882 1413 1051 1455 moenia
1084 1412 1219 1454 tutior
1239 1412 1487 1466 uallumque
1564 1408 1568 1415 “

139 1473 468 1512 antemuranum
513 1471 746 1525 cespitibus
791 1471 947 1513 fultum
989 1471 1242 1513 insidiantes
1281 1470 1335 1512 ab
1369 1470 1486 1512 omni

138 1530 383 1571 discrimine
415 1530 682 1571 defendebat.
735 1530 798 1570 14.
831 1534 873 1571 et
905 1544 1165 1584 quamquam
1196 1529 1487 1584 prohibitores

139 1588 299 1630 duritia
330 1589 628 1643 bellorumque
667 1588 833 1629 artibus
873 1588 1145 1641 antistarent,
1191 1588 1344 1642 quibus
1376 1586 1487 1628 nihil
1508 1594 1542 1621 25

138 1649 310 1701 praeter
324 1647 540 1688 moenium
562 1650 783 1701 supererat
798 1647 1101 1698 adiumentum,
1122 1647 1327 1688 collectus
1342 1649 1488 1687 tamen

140 1720 190 1747 ex
223 1705 464 1759 potioribus
501 1705 690 1746 numeris
724 1705 847 1746 miles
884 1706 1107 1747 diuturnas
1139 1705 1251 1746 ferre
1284 1705 1486 1760 nequiens

139 1778 295 1817 moras,
334 1765 579 1806 suburbana
613 1764 755 1805 omnia
790 1764 1047 1806 circumibat
1084 1764 1315 1818 diligenter
1351 1764 1487 1818 inqui-

138 86 222 129 250
675 85 759 121 XXI
785 89 837 129 12,
868 88 996 121 11—-18

1561 1598 1565 1608 v

232 1893 277 1925 *4
303 1890 462 1935 suffugia
498 1891 565 1934 bya
590 1890 778 1935 'scitfugia
818 1890 884 1925 VP
984 1896 1004 1925 5
1039 1891 1226 1934 protracto
1265 1890 1330 1931 (sic
1370 1888 1487 1931 VAP)

140 1953 183 1959 —
220 1939 240 1968 ss
278 1937 470 1980 receptum
507 1936 594 1970 add.
626 1935 678 1969 V¹¹¹
771 1936 953 1980 producto
977 1936 1041 1980 rbq
1133 1939 1151 1969 7
1183 1934 1391 1979 disparibus
1420 1934 1489 1979 bya

1255 1988 1267 2004 l*

1558 1874 1567 1944 ..--
1562 1838 1566 1842 .
1556 1621 1569 1810 -›—-·ae--r==-*-

142 2013 295 2063 disparii
333 2013 398 2048 VI’
491 2018 511 2047 9
537 2013 736 2048 firmabant
765 2014 809 2047 ba
839 2013 1122 2048 inflammabant
1155 2013 1188 2046 G
1221 2012 1422 2046 fiamabant
1458 2011 1492 2045 V

142 2062 182 2091 13
207 2058 451 2092 incitamento
469 2058 643 2092 tubarum
663 2060 694 2091 (ι’
716 2059 871 2093 incitato
888 2060 1014 2093 tamen
1032 2058 1241 2092 toxatarum
1266 2057 1309 2092 ba
1334 2056 1488 2091 incitato

138 2103 468 2137 tamentocicarum
500 2103 534 2136 V
627 2108 664 2138 15
690 2105 833 2148 impetu
858 2123 900 2128 —
928 2107 968 2139 16
993 2101 1278 2137 multiformium
1309 2101 1396 2137 add.
1434 2100 1488 2135 Vm

140 2147 295 2225 gectora
330 2147 362 2179 (ι’
393 2149 527 2198 pectoa
565 2147 632 2182 VP
661 2150 848 2193 spectatos
879 2148 923 2182 ba
1017 2151 1057 2182 18
1089 2146 1149 2181 uel
1180 2146 1275 2181 saxis
1305 2146 1325 2180 b
1351 2156 1374 2180 α
1404 2145 1488 2181 uael

167 2191 197 2225 is
225 2191 306 2235 [lac.
331 2194 352 2224 4
377 2192 447 2226 lett.
502 2192 656 2227 TRAxis
694 2193 724 2227 V
752 2192 813 2227 uel
846 2193 922 2227 axis
948 2193 983 2227 P
1075 2194 1146 2226 *19
1172 2192 1286 2226 fossas
1338 2190 1488 2225 dentius
1559 2222 1563 2225 ,

138 2236 245 2280 Pbya
275 2236 373 2271 fossa
403 2236 440 2270 su
471 2236 619 2271 dontius
649 2238 681 2271 V
704 2238 817 2272 fossas
849 2237 1047 2272 audentius
1077 2236 1257 2281 Eyssenh.
1347 2238 1390 2269 21
1450 2245 1486 2268 ο-
1549 2235 1554 2241 “

140 2280 250 2315 sticas
278 2281 348 2315 GA
373 2281 535 2332 pactione
568 2282 634 2316 VI’
657 2283 818 2327 perticas
845 2283 865 2315 b
912 2281 971 2316 uel
1000 2280 1032 2316 G
1063 2290 1129 2316 om.
1162 2280 1274 2316 VPba
1349 2283 1392 2314 25
1421 2246 1487 2314 gu·
1548 2277 1562 2322 f

142 2325 229 2359 ritia
257 2324 425 2361 Valeszus
449 2326 647 2372 t1133ricitia
678 2327 709 2360 V
738 2327 901 2361 turicitia
925 2327 961 2361 P
985 2325 1120 2371 peritia
1144 2326 1208 2370 byn
1257 2323 1488 2359 antestarent

143 2369 212 2414 hya
229 2370 325 2405 antis
352 2370 432 2414 [lac.
457 2373 498 2406 11
524 2370 610 2416 litt]
639 2372 717 2406 iant
747 2371 814 2406 1⁷1²
