1614 2549
391 91 732 133 cous'rAurivs
756 99 819 134 ΕΤ
842 102 1075 142 ΝΜΑΝνε
1099 113 1164 144 357
1388 119 1466 161 117

121 182 249 224 solita
278 197 404 227 nemo
437 186 576 230 Gallis
615 192 842 248 quicquam
882 200 1118 253 exprimere
1150 210 1378 250 conaretur

120 272 504 288 .................
537 248 695 304 inique.
758 254 796 295 6.
840 256 1050 301 inusitato
1089 265 1283 320 exemplo
1315 267 1358 309 id
1394 285 1465 324 pe-

116 299 244 341 tendo
288 300 445 345 Caesar
488 306 783 361 inpetrauerat
828 329 852 355 a
900 319 1118 370 praefecto
1163 327 1211 365 ut
1255 329 1463 371 secundae

113 357 314 412 Belgicae
347 363 688 409 multiformibus
720 372 848 413 malis
882 389 1110 429 oppressae
1131 381 1358 437 dispositio
1379 388 1462 430 sibi

77 430 93 455 5
113 418 456 463 committeretur
489 438 538 465 ea
568 426 771 471 uidelicet
802 431 915 486 lege,
954 438 1003 476 ut
1033 451 1111 480 nec
1142 442 1460 494 praefectianus

109 489 187 516 nec
228 480 483 531 praesidalis
528 486 750 538 apparitor
794 490 847 531 ad
899 493 1150 539 soluendum
1198 515 1458 558 quemquam

109 539 294 588 urgeret.
335 552 418 592 quo
451 540 584 584 leuati
617 545 773 588 solatio
807 551 960 606 cuncti,
994 568 1100 609 quos
1132 558 1176 598 in
1197 574 1297 602 cura
1331 595 1458 607 ......

109 625 234 635 ......
266 601 438 650 separat
470 614 603 656 suam,
634 618 711 645 nec
742 606 1010 663 interpellati
1031 616 1128 656 ante
1147 620 1457 670 praestitutum

106 655 276 707 tempus
308 655 453 698 debita
484 662 771 706 contulerunt.

52 724 85 749 10
223 710 267 754 4.
303 715 338 754 1.
370 715 488 758 Inter
519 718 624 762 haec
655 727 980 770 recreandarum
1016 733 1188 776 exordia
1212 736 1456 784 Galliarum

104 770 432 816 administrante
484 780 713 823 secundam
763 784 901 827 adhuc
953 787 1089 832 Orfito
1138 796 1454 847 praefecturam

103 829 316 872 obeliscus
348 831 511 876 Romae
546 837 589 878 in
622 840 733 882 circo
767 848 932 887 erectus
966 852 1030 890 est
1063 852 1263 895 maximo.
1326 872 1454 912 super

102 901 185 941 quo
228 904 359 945 nunc,
404 894 504 947 quia
548 898 857 952 tempestiuum
903 909 985 960 est,
1027 923 1164 962 pauca
1202 913 1452 959 discurram.

100 946 138 987 2.
165 947 316 989 mbem
347 951 502 1004 priscis
536 958 719 999 saeculis
741 962 957 1006 conditam
979 967 1210 1011 ambitiosa
1232 975 1450 1018 moenium

46 1018 80 1042 15
100 1008 216 1047 strue
249 1010 291 1048 et
321 1013 546 1062 portarum
580 1019 749 1058 centum
780 1020 969 1065 aditibus
992 1026 1203 1070 celebrem
1234 1031 1449 1076 hecatom-

95 1064 220 1118 pylos
265 1065 437 1110 Thebas
488 1071 761 1118 institutores
807 1094 856 1121 ex
906 1082 1022 1125 tacto
1073 1090 1446 1149 cognominarunt,

96 1122 215 1165 cuius
248 1127 460 1170 uocabulo
491 1133 717 1184 prouincia
748 1151 859 1180 nunc
892 1155 1027 1196 usque
1049 1143 1237 1189 Thebais
1259 1151 1447 1204 adpella—

94 1183 177 1222 tur.
209 1182 247 1224 3.
265 1183 374 1227 hanc
396 1187 508 1229 inter
529 1193 701 1234 exordia
732 1197 960 1249 pandentis
982 1216 1025 1242 se
1058 1202 1144 1245 late
1166 1204 1444 1265 Carthaginis

93 1240 313 1294 inprouiso
347 1259 525 1289 excursu
558 1250 684 1293 duces
718 1268 966 1309 oppressere
992 1259 1246 1320 Poenorum,
1276 1272 1444 1322 postea-

38 1311 72 1336 20
93 1313 174 1352 que
217 1306 463 1355 reparatam
506 1306 737 1353 Persarum
781 1329 855 1356 rex
905 1318 979 1359 ille
1025 1319 1258 1378 Cambyses
1304 1330 1443 1381 quoad

90 1357 261 1401 uixerat
298 1361 429 1404 alieni
470 1367 647 1420 cupidus
687 1374 729 1412 et
773 1373 958 1418 inmanis
996 1378 1199 1435 Aegypto
1235 1391 1442 1442 perrupta

90 1415 317 1471 adgressus
351 1425 434 1476 est,
472 1428 520 1465 ut
553 1440 654 1480 opes
687 1430 837 1474 exinde
868 1440 1040 1489 raperet
1077 1440 1346 1498 inufflendas,
1385 1461 1438 1489 ne

88 1474 263 1518 deorum
285 1480 457 1533 quidem
477 1482 666 1528 donariis
685 1503 876 1542 parcens.
909 1496 947 1535 4.
975 1497 1048 1550 qui
1069 1498 1169 1540 dum
1190 1501 1301 1544 inter
1320 1519 1438 1558 prae—

86 1533 257 1577 datores
290 1539 539 1583 turbulente
573 1552 815 1603 concursat,
853 1551 1035 1597 laxitate
1066 1561 1342 1613 praepeditus
1376 1564 1437 1605 in-

31 1604 65 1630 25
85 1591 387 1639 dumentorum
412 1601 597 1644 concidit
626 1619 788 1659 pronus
809 1625 855 1651 ac
878 1618 1046 1655 suomet
1076 1619 1276 1674 pugione,
1309 1637 1436 1677 quem

84 1654 279 1704 aptatum
310 1655 465 1699 femori
497 1660 646 1704 dextro
679 1668 892 1723 gestabat,
925 1673 1070 1716 subita
1101 1677 1145 1717 ui
1177 1679 1326 1722 ruinae
1359 1697 1433 1724 nu—

82 1709 181 1751 dato
196 1713 448 1758 uulneratus
466 1733 601 1772 paene
622 1722 813 1768 letaliter
833 1728 1066 1774 interisset.
1087 1734 1125 1776 5.
1138 1735 1267 1792 longe
1288 1743 1432 1784 autem

77 1771 229 1822 postea
262 1771 486 1818 Cornelius
519 1777 670 1823 Gallus
704 1782 943 1830 Octauiano
975 1806 1043 1833 res
1076 1795 1247 1838 tenente
1274 1797 1432 1841 Roma-

76 1841 154 1869 nas
191 1829 383 1886 Aegypti
426 1842 682 1889 procurator
721 1844 919 1888 exhausit
963 1850 1186 1895 ciuitatem
1228 1857 1429 1910 plurimis

23 1897 58 1924 30
76 1885 328 1944 interceptis
367 1907 651 1952 reuersusque
683 1915 779 1944 cum
817 1904 1032 1950 furtorum
1064 1919 1354 1957 arcesseretur
1386 1922 1429 1960 et

71 1947 307 2000 populatae
320 1952 580 2009 prouinciae,
600 1962 718 2001 metu
731 1962 976 2008 nobilitatis
991 1969 1147 2011 acriter
1166 1972 1427 2032 indignatae,

74 2005 142 2045 cui
177 2009 402 2061 negotium
441 2016 719 2066 spectandum
759 2020 933 2065 dederat
976 2026 1229 2085 imperator,
1274 2035 1425 2077 stricto

162 2124 180 2154 1
206 2125 402 2158 conaretur
439 2127 519 2171 [zac.
557 2134 600 2165 20
638 2133 707 2168 litt.
746 2137 874 2177 (4l1'tt.
904 2139 967 2185 Gj]
1005 2141 1111 2178 VGP
1147 2145 1213 2180 Zac.
1252 2150 1346 2191 eoepl.
1377 2151 1423 2186 ba

70 2166 90 2197 6
115 2175 329 2210 quenquam
356 2170 427 2205 GA
452 2174 638 2216 quendam
669 2177 758 2214 VPb
813 2185 831 2215 7
856 2194 944 2219 cura
979 2185 1062 2230 [lae.
1090 2194 1130 2223 12
1157 2191 1244 2237 lita]
1271 2197 1422 2238 separat

70 2207 136 2243 lac.
175 2212 270 2255 expl.
303 2215 447 2260 cu1·a]m
485 2228 548 2254 aes
586 2221 749 2258 alienum
787 2226 854 2271 hya
954 2235 995 2266 10
1026 2235 1316 2272 recreandarum
1352 2241 1421 2285 hya

68 2288 311 2326 creandarum
347 2292 415 2328 VP
510 2301 547 2331 11
582 2300 731 2344 orphito
763 2304 870 2351 Pbya
972 2313 1014 2345 15
1046 2286 1286 2359 ecatonpylos
1324 2317 1359 2351 V
1385 2321 1418 2361 (r

66 2331 154 2367 add.
184 2333 243 2378 V2)
275 2336 309 2371 V
329 2339 460 2375 ecaton
491 2342 600 2387 pylos
630 2346 668 2381 P
749 2349 820 2385 '³²17
858 2351 1020 2389 Thebais
1060 2356 1094 2391 G
1129 2358 1262 2394 thebas
1303 2362 1417 2398 VPba

67 2378 109 2411 18
133 2379 300 2422 pandent
325 2393 402 2418 esse
433 2385 529 2422 V¹P
552 2390 741 2432 pandente
767 2405 804 2429 se
834 2395 883 2430 1⁷²
976 2404 1015 2434 21
1042 2402 1186 2438 uicerat
1213 2403 1281 2440 VP
