1573 2508
118 73 198 116 162
627 71 749 107 XVIII
775 75 806 115 7,
835 76 943 108 1-10

117 180 424 221 exaggeremus
463 168 632 219 praeter
669 180 721 207 ea
757 180 865 220 quae
909 165 1007 207 fidei
1048 166 1298 208 testimonia
1327 181 1464 222 neque

116 226 280 268 incerta
312 227 618 265 monstrarunt.

238 283 278 325 7.
316 285 350 324 1.
382 283 617 337 Postquam
654 295 777 336 reges
810 282 976 324 Nineue
1009 282 1257 325 Adiabenae
1297 284 1465 339 ingenti

117 343 290 384 ciuitate
323 341 588 395 transmissa,
628 341 673 381 in
714 341 853 383 medio
887 341 1031 396 pontis
1064 341 1268 384 Anzabae
1306 342 1461 385 hostiis

116 401 263 454 eaesis,
283 400 476 454 extisque
496 400 847 454 prosperantibus
868 400 1077 442 transiere
1099 400 1337 456 laetissimi,
1369 415 1463 443 con·
1482 414 1500 441 5

116 461 321 501 iectantes
370 473 449 500 nos
495 459 710 500 residuam
757 458 929 512 plebem
967 473 1137 500 omnem
1175 472 1301 514 aegre
1339 474 1464 513 pene-

115 521 229 559 trare
266 520 366 572 post
410 517 598 558 triduum
638 532 780 572 posse,
818 517 943 558 eitius
984 518 1133 559 exinde
1173 518 1226 559 ad
1263 520 1464 572 satrapen

116 576 276 618 reuersi
297 577 536 631 quieuimus
563 575 852 630 hospitalibus
873 576 1026 617 officiis
1053 577 1244 618 recreati.
1295 577 1333 618 2.
1353 576 1462 618 unde

113 649 190 689 per
222 635 317 677 loca
347 635 495 676 itidem
528 635 696 676 deserta
727 638 770 675 et
801 635 895 676 sola
915 648 1069 689 magno
1104 635 1371 676 necessitatis
1392 635 1463 676 du-

114 697 234 735 cente
267 694 428 735 solacio
449 693 628 734 celerius
651 708 779 747 quam
810 694 952 747 potuit
984 694 1147 747 sperari
1179 694 1339 735 reuersi
1366 708 1461 735 con-
1483 708 1515 732 10

114 752 378 794 firmauimus
429 752 594 793 animos
645 752 966 805 haesitantium,
1008 766 1139 794 unum
1171 767 1192 794 e
1230 752 1457 794 naualibus

113 814 288 865 pontem
325 811 528 852 transisse
562 824 684 865 reges
718 811 878 864 absque
917 810 1007 851 ulla
1038 811 1333 852 circinnitione
1370 825 1463 865 per-

113 870 274 911 doctos.
337 870 374 910 3.
407 869 621 923 extemplo
662 870 795 923 igitur
833 869 996 923 equites
1036 869 1110 910 citi
1149 869 1378 911 mittuntur
1409 869 1462 911 ad

114 927 367 970 Cassianum
406 928 741 981 Mesopotamiae
774 928 923 969 ducem
962 930 1253 982 rectoremque
1292 929 1462 982 prouin-

113 987 202 1028 ciae
235 990 335 1028 tunc
366 986 676 1041 Euphronium,
709 987 954 1040 conpulsuri
988 989 1180 1040 agrestes
1214 1001 1307 1028 cum
1340 986 1460 1029 fami·
1482 1001 1515 1026 15

112 1046 182 1086 liis
216 1048 260 1086 et
295 1046 519 1100 pecoribus
553 1046 763 1086 iuiiuersis
797 1045 849 1086 ad
887 1045 1048 1086 tutiora
1086 1046 1268 1086 transire
1301 1047 1345 1086 et
1375 1046 1462 1099 agi—

112 1104 212 1145 liter
231 1104 368 1145 deseri
385 1103 537 1145 Carras
553 1104 756 1158 oppidum
777 1103 978 1145 inualidis
994 1104 1302 1145 circumda-tum
1316 1104 1462 1158 muris,

112 1177 239 1216 super
270 1162 337 1204 his
359 1177 532 1217 campos
554 1177 700 1203 omnes
733 1163 913 1216 incendi,
945 1177 997 1203 ne
1029 1162 1285 1216 pabulorum
1311 1177 1461 1217 suppe-

111 1224 223 1263 teret
255 1221 390 1275 copia.
434 1222 473 1262 4.
495 1225 537 1262 et
556 1221 777 1275 imperatis
799 1221 889 1262 sine
910 1236 1031 1262 mora
1050 1221 1273 1275 conpletis,
1305 1221 1460 1263 iniecto

111 1281 202 1334 ium·
247 1280 428 1321 furentis
471 1279 671 1321 elementi
717 1281 782 1321 uis
822 1280 1009 1321 maxima
1052 1279 1269 1321 frumenta
1307 1280 1515 1334 omnia,2o

112 1353 206 1380 eum
228 1339 313 1379 iam
346 1339 508 1393 stipula
530 1339 704 1380 flauenti
724 1341 957 1392 turger,ent
990 1338 1231 1404 herbasque
1251 1339 1460 1393 pubentes

110 1398 172 1438 ita
204 1398 452 1451 contorruit,
484 1400 532 1438 ut
564 1397 614 1438 ad
648 1412 780 1452 usque
796 1372 1052 1452 Euphraten
1084 1397 1136 1438 111
1170 1397 1274 1451 ipsis
1308 1398 1461 1452 margi—

110 1456 235 1497 nibus
275 1455 465 1510 Tigridis
510 1455 618 1497 nihil
659 1456 793 1497 uiride
833 1458 1085 1498 cernor-,eun
1153 1459 1253 1497 tunc
1287 1459 1459 1498 exustae

111 1518 210 1556 simt
246 1515 362 1555 ferae
401 1515 625 1569 conplures
666 1515 932 1569 maximeque
973 1515 1116 1556 leones
1154 1529 1231 1568 per
1271 1530 1321 1556 ea
1365 1515 1460 1557 loca

110 1574 347 1615 saeuientes
388 1574 635 1628 inmaniter,
674 1574 866 1615 consumi
905 1574 972 1614 uel
1011 1573 1175 1614 caecari
1212 1573 1323 1614 sueti
1358 1588 1458 1628 pau-
1478 1587 1513 1614 25
1572 1608 1573 1625 ἶ

111 1632 233 1674 latim
266 1632 346 1673 hoc
378 1632 515 1673 modo.
578 1633 615 1673 5.
649 1633 761 1673 inter
800 1632 1084 1673 harundineta
1121 1630 1459 1686 Mesopotamiae

109 1691 330 1732 fluminum
369 1694 412 1731 et
449 1691 631 1731 frutecta
671 1691 815 1732 leones
855 1693 1068 1744 uagantur
1106 1690 1338 1744 innumeri,
1380 1691 1458 1732 cle-

110 1749 269 1790 mentia
296 1749 449 1790 hiemis
482 1749 542 1790 ibi
565 1750 845 1791 mollissimae
877 1764 1044 1803 semper
1076 1749 1258 1790 innocui.
1309 1753 1353 1790 at
1384 1749 1458 1790 ubi

110 1808 213 1849 solis
246 1808 376 1849 radiis
410 1809 618 1849 exarserit
648 1811 829 1862 tempus,
861 1809 906 1848 in
937 1808 1186 1862 regionibus
1220 1810 1340 1849 aestu
1372 1822 1457 1849 am-

109 1866 245 1907 bustis
279 1882 434 1920 uapore
468 1867 617 1908 sideris
639 1870 682 1908 et
708 1867 1001 1921 magnitudine
1023 1866 1205 1908 culicum
1226 1867 1458 1922 agitantur,
1476 1881 1510 1907 80

109 1940 289 1978 quorum
323 1925 590 1966 examinibus
622 1941 698 1979 per
725 1941 797 1967 eas
830 1928 964 1966 terras
997 1927 1155 1966 referta
1176 1927 1275 1966 sunt
1301 1926 1457 1967 omnia.

109 1988 151 2024 et
184 1985 386 2037 quoniam
431 1984 578 2025 oculos
613 1984 733 2038 quasi
773 1984 915 2025 umida
947 1987 989 2025 et
1032 1984 1220 2025 lucentia
1264 1983 1457 2026 membra

108 2042 278 2082 eaedem
325 2046 533 2095 appetunt
585 2043 778 2083 uolucres
830 2043 1134 2096 palpebrarum
1186 2042 1455 2083 libramentis

109 2101 320 2141 mordicus
366 2100 609 2154 insidentes,
646 2101 757 2142 ideni
798 2102 941 2141 leones
974 2100 1150 2143 cruciati
1183 2101 1341 2142 diutins
1383 2105 1457 2142 aut

109 2158 356 2199 fluminibus
385 2160 510 2200 inei-si
533 2160 770 2213 sorbentur,
802 2160 982 2214 adquae
1014 2159 1188 2200 remedii
1216 2174 1342 2201 causa
1362 2174 1455 2201 con·

200 2266 214 2295 l
241 2271 337 2305 exag
351 2262 501 2295 rerinius
535 2262 598 2296 VI'
689 2267 710 2298 3
734 2262 942 2297 hadiabenc
975 2261 1040 2295 VI’
1131 2260 1178 2295 *ὅ
1195 2261 1386 2296 laetissimi
1413 2261 1456 2306 by

105 2305 298 2341 lectissimi
361 2307 434 2340 ΑΡ
530 2311 567 2341 13
594 2307 636 2340 ad
668 2307 700 2339 (ι’
726 2307 772 2340 ad
799 2309 886 2341 tunc
921 2306 1029 2340 1⁷szae
1122 2309 1164 2341 16
1184 2310 1266 2350 post
1298 2306 1454 2341 transire

106 2350 192 2386 add.
220 2350 378 2396 conpelli
414 2350 544 2394 VPbgsa
639 2352 708 2386 *20
734 2351 792 2384 uix
827 2351 892 2385 1²1²
