1573 2508
135 75 191 117 64
679 64 746 100 xv
770 68 802 107 8,
830 66 940 98 2-12

138 168 190 210 ad
206 165 536 209 internecionem
547 161 743 203 barbaris
756 157 1024 201 uastantibus
1037 154 1252 195 uniuersa:
1267 153 1482 193 aestuans-

140 241 220 282 que
253 225 341 278 din,
380 237 463 277 qua
494 221 537 262 ui
576 219 849 274 propulsaret
881 227 1103 257 aerumnas
1142 212 1233 266 ipse
1270 210 1316 251 in
1352 207 1483 250 Italia

140 285 330 328 residens
363 285 411 322 nt
442 279 641 333 cupiebat
663 303 714 307 —
743 275 1030 330 periculosum
1063 271 1176 312 enim
1209 267 1486 311 existimabat

143 360 187 385 se
226 344 268 383 in
308 344 471 396 partem
511 336 761 379 contrudere
799 335 929 387 longe
968 331 1174 372 dimotam
1208 353 1260 357 —
1295 324 1486 381 repperit
1556 370 1561 376 ,

142 402 311 445 tandem
351 398 576 440 consilium
608 398 772 436 rectum
811 396 852 433 et
883 391 1097 432 Iulianum
1136 386 1374 442 patruelem
1405 381 1564 438 fra-53

143 466 252 502 trem
284 459 389 500 haut
422 458 482 498 ita
503 455 658 496 dudum
680 454 732 494 ab
754 450 941 493 Achaico
971 451 1110 490 tractu
1131 446 1325 498 accitum,
1357 444 1487 486 etiam

142 524 234 561 tum
268 517 491 572 palliatum
532 515 574 555 in
614 512 863 554 societatem
902 507 1070 562 imperii
1109 505 1342 547 adsciscere
1375 501 1489 556 cogi-

144 579 276 619 tabat.
318 577 356 617 2.
389 575 429 615 id
464 573 534 614 ubi
568 574 746 625 urgente
779 569 990 609 malornm
1025 562 1343 619 inpendentium
1375 559 1488 602 mole

146 637 363 678 confessus
403 637 467 673 est
507 630 711 685 proximis
750 627 1022 668 succumbere
1061 627 1126 664 tot
1161 619 1489 663 necessitatibus

147 699 318 749 tamque
340 692 501 733 crebris
523 703 651 730 unum
673 702 728 740 se,
761 685 872 740 quod
892 697 1123 737 numquam
1145 682 1318 732 fecerat,
1345 680 1491 732 aperte
1511 686 1545 711 10

147 755 457 795 demonstrans:
490 749 554 789 illi
589 747 631 787 in
664 744 1002 787 adsentationem
1034 741 1211 782 nimiam
1245 737 1399 780 eruditi
1432 736 1492 777 in-

148 812 376 854 fatuabant
406 807 637 859 hominem,
669 803 777 845 nihil
811 817 902 843 esse
935 802 997 842 ita
1029 812 1225 853 asperiun
1246 795 1492 838 dictitantes

150 871 262 926 quod
306 869 562 922 praepotens
608 865 696 905 eius
740 862 876 903 uirtus
921 862 1176 912 fortunaque
1220 859 1308 897 tam
1352 853 1496 895 uicina

151 929 361 970 sideribus
394 940 479 967 non
512 925 734 976 superaret
765 935 814 961 ex
847 933 978 960 more.
1040 916 1336 969 addebantque
1368 926 1495 954 noxa-

151 1003 244 1030 rum
277 983 538 1028 conscientia
575 980 823 1022 stimulante
862 977 1086 1031 conplures
1124 974 1321 1027 deinceps
1355 969 1496 1012 caueri
1517 977 1550 1004 15

153 1047 305 1087 debere
345 1042 539 1085 Caesaris
577 1052 750 1091 nomen,
787 1037 1042 1091 replicantes
1081 1037 1204 1088 gesta
1241 1031 1318 1073 sub
1359 1029 1498 1071 Gallo.

154 1106 191 1146 3.
224 1104 318 1158 quis
347 1099 636 1143 adnitentibus
658 1097 874 1139 obstinate
895 1093 1140 1148 opponebat
1160 1105 1204 1132 se
1225 1090 1318 1132 sola
1336 1089 1499 1142 regina,

155 1165 377 1214 incertum,
410 1158 712 1213 migrationem
746 1155 797 1196 ad
831 1153 1067 1207 longinqua
1095 1150 1413 1205 pertimescens,
1445 1161 1499 1188 an

155 1237 232 1276 pro
265 1220 412 1261 natiua
443 1215 669 1271 prudentia
696 1212 920 1255 consulens
954 1212 998 1252 in
1030 1222 1252 1252 commune
1285 1205 1500 1249 omnibus-

157 1295 236 1335 que
288 1290 530 1319 memorans
581 1272 782 1327 anteponi
833 1271 986 1312 debere
1037 1268 1335 1323 propinquum.
1402 1267 1554 1320 postne

158 1339 377 1391 multaque
416 1349 490 1389 per
529 1332 860 1374 deliberationes
900 1328 1125 1382 ambiguas
1165 1325 1343 1367 actitata
1380 1322 1503 1365 stetit

158 1399 242 1438 fixa
287 1394 500 1436 sententia
544 1390 804 1444 abiectisque
850 1385 1211 1440 disputationibus
1256 1382 1398 1424 inritis
1450 1381 1503 1423 ad

159 1455 385 1509 imperium
417 1451 579 1507 placuit
610 1449 822 1490 lulianum
856 1446 1088 1487 adsumere.
1120 1445 1158 1484 4.
1189 1456 1282 1484 cum
1314 1440 1506 1482 uenisset

160 1514 319 1556 accitus
351 1511 569 1566 praedicto
602 1508 682 1560 die,
714 1507 920 1548 aduocato
942 1504 1056 1548 omni
1091 1501 1201 1557 quod
1222 1501 1369 1542 aderat
1394 1512 1505 1541 com-

161 1572 332 1625 militio,
363 1568 571 1611 tribunali
603 1567 658 1607 ad
688 1565 885 1606 altiorem
918 1565 1170 1617 suggestum
1203 1561 1362 1611 erecto,
1393 1556 1560 1617 quodg⁵

162 1631 331 1685 aquilae
364 1626 728 1670 circumdederunt
761 1627 803 1664 et
834 1623 971 1676 signa,
1003 1621 1222 1674 Augustus
1255 1616 1506 1659 inscendens

163 1702 340 1743 eumque
374 1701 500 1728 manu
533 1683 720 1726 retinens
753 1682 939 1733 dextera,
971 1680 1076 1721 haec
1110 1691 1305 1719 sermone
1338 1674 1506 1730 placido

161 1747 397 1802 perorauit:

282 1807 320 1845 5.
352 1803 629 1845 ‘Adsistimus
652 1799 762 1854 apud
782 1813 871 1851 uos,
891 1797 1044 1851 optimi
1065 1795 1126 1836 rei
1152 1793 1349 1848 publicae
1369 1791 1508 1833 defen-

165 1879 301 1917 sores,
351 1876 500 1904 causae
552 1859 764 1901 comunmi
810 1871 892 1898 uno
937 1869 1070 1909 paene
1115 1852 1305 1895 omnium
1355 1849 1509 1905 spiritu

167 1921 462 1973 uindicandae‚
505 1933 630 1973 quam
664 1919 833 1958 acturus
868 1919 1085 1968 tamquam
1119 1910 1229 1966 apud
1262 1923 1419 1964 aequos
1452 1908 1510 1949 iu-

258 2076 278 2105 6
303 2070 463 2104 Achaico
495 2071 615 2103 tractu
648 2067 807 2101 accitum
839 2063 1038 2099 Lindenbr.
1070 2061 1201 2097 achaia
1231 2059 1423 2094 contractu
1454 2067 1512 2092 ac-

169 2117 243 2150 citu
270 2115 299 2147 V
389 2120 408 2148 ¹.)
435 2116 490 2148 est
515 2113 701 2148 confessus
725 2115 904 2154 transpos.
930 2108 1034 2152 Pbya
1115 2110 1156 2140 12
1181 2115 1259 2140 esse
1284 2103 1338 2138 ita
1363 2102 1408 2137 G.
1433 2111 1512 2137 esee

169 2161 235 2194 has
266 2161 318 2193 ita
359 2159 425 2194 VP
521 2161 557 2191 17
595 2156 812 2201 opponebat
843 2155 875 2188 G
913 2151 1109 2197 optinebat
1145 2149 1178 2183 V
1211 2146 1406 2184 obtinebat
1433 2146 1514 2181 Pba

169 2209 211 2239 21
239 2205 393 2238 actitata
417 2202 524 2236 stetit
549 2201 581 2235 G
613 2201 745 2234 actitas
769 2201 806 2234 te
832 2200 875 2232 ut
904 2197 936 2231 V
1025 2200 1067 2231 23
1099 2194 1293 2229 adsumere
1317 2192 1375 2227 Pb
1399 2202 1422 2226 a
1452 2189 1515 2225 ad-

171 2250 293 2284 sumet
322 2247 354 2280 V
415 2248 484 2280 *24
536 2246 676 2280 rodicto
708 2244 775 2278 VP
844 2247 887 2278 25
912 2239 1090 2276 tribunali
1116 2239 1197 2284 [lac.
1222 2240 1247 2272 8
1270 2236 1362 2287 litt.1
1401 2235 1515 2270 'orem

176 2293 244 2328 VI’
268 2291 444 2326 tribunali
471 2303 489 2324 ει
543 2289 713 2324 altiorem
740 2289 805 2333 byn
883 2290 925 2321 26
952 2283 1170 2320 inscendene
1197 2282 1230 2317 G
1255 2280 1457 2326 insigniens
1486 2278 1521 2313 V

172 2343 210 2372 31
240 2336 337 2382 apud
365 2347 503 2379 aequos
530 2334 561 2368 (γ’
589 2335 722 2378 poetae
748 2344 839 2376 quos
871 2330 958 2365 VPb
982 2330 1113 2374 potero
1138 2337 1204 2362 uos
1228 2328 1262 2361 A
