1614 2549
598 71 830 108 IVLIANVS
855 76 920 108 362
1344 68 1428 111 299

199 167 265 210 14.
295 167 519 209 Exuberat
550 166 779 222 Aegyptus
820 168 953 210 etiam
990 167 1224 221 pecudibus
1264 165 1428 219 multis⁷

75 226 190 268 inter
233 241 338 281 quas
382 228 610 268 terrestres
652 230 752 268 sunt
796 229 839 268 et
877 226 1103 281 aquatiles.
1165 226 1276 268 aliae
1319 239 1427 280 quae

75 285 198 328 humi
229 288 272 326 et
303 285 349 326 in
378 285 631 326 humoribus
663 286 817 328 uiuunt
847 285 956 327 unde
977 281 1181 340 ἆμφίβιοι
1206 287 1428 329 nominan-

75 347 159 386 tur.
219 347 263 386 et
294 344 340 386 in
371 344 501 386 aridis
534 344 705 399 quidem
726 345 914 398 capreoli
945 348 1176 386 uescuntur
1204 348 1247 387 et
1278 346 1428 388 bubali

36 421 56 448 5
76 406 120 445 et
152 403 435 457 spinturnicia
455 403 573 445 omni
592 403 868 445 deformitate
889 403 1081 457 ridicula,
1114 404 1284 458 aliaque
1310 420 1428 447 mon-

76 465 167 505 stra
200 477 306 517 quae
340 477 589 504 enumerare
620 477 707 504 non
738 462 881 504 refert.

197 521 263 563 15.
294 520 415 564 Inter
447 521 659 575 aquatiles
693 524 837 562 autem
871 521 1034 562 bestias
1067 523 1304 564 crocodilus
1337 523 1428 564 ubi-

76 595 156 635 que
188 595 265 634 per
297 595 368 622 eos
402 582 566 622 tractus
606 580 814 634 abundat,
853 579 1027 621 exitiale
1070 581 1308 635 quadrupes
1342 597 1428 624 ma-

74 640 177 693 lum,
209 639 435 681 adsuetum
467 639 692 680 elementis
725 639 947 692 ambobus,
978 639 1128 693 lingua
1149 654 1310 694 carens,
1341 656 1427 682 ma-

20 718 55 743 10
74 698 226 740 xillam
258 698 523 752 superiorem
554 712 829 740 commouens
863 698 1014 750 solum,
1053 698 1201 740 ordine
1233 699 1428 741 dentium

72 757 311 812 pectinato‚
366 757 619 811 perniciosis
670 758 885 799 morsibus
937 757 1136 812 quicquid
1193 759 1428 812 contigerit

72 817 352 871 pertinaciter
392 819 555 870 petens,
598 831 674 870 per
713 831 794 858 oua
826 816 953 857 edens
985 816 1098 857 fetus
1131 817 1341 858 anserinis
1375 817 1428 858 si-

73 873 207 917 milia.
272 876 338 917 16.
381 878 512 929 utque
558 878 749 916 armatus
795 878 860 916 est
898 875 1127 929 unguibus,
1172 875 1210 916 si
1246 875 1427 917 haberet

74 935 207 976 etiam
237 934 430 989 pollices,
463 934 516 975 ad
548 934 799 975 euertendas
833 948 1000 988 quoque
1022 938 1172 975 'naues
1213 934 1428 976 sufficeret

20 1011 55 1038 15
73 993 240 1035 uiribus
273 993 462 1047 magnis:
496 992 547 1034 ad
570 993 814 1034 cubitorum
835 993 949 1034 enim
975 993 1292 1047 longitudinem
1313 996 1427 1035 octo-

73 1052 212 1095 decim
249 1052 465 1094 interdum
503 1054 714 1106 extentus,
751 1052 952 1093 noctibus
986 1052 1208 1107 quiescens
1246 1067 1322 1106 per
1353 1067 1427 1094 un-

72 1112 161 1166 das,
193 1111 343 1153 diebus
375 1111 497 1152 humi
527 1114 727 1152 uersatur
760 1110 1018 1152 confidentia
1051 1111 1172 1164 cutis,
1206 1126 1334 1165 quam
1366 1111 1428 1152 ita

72 1171 262 1213 ualidam
300 1170 425 1225 gerit,
456 1172 504 1211 ut
537 1170 627 1211 eius
659 1172 786 1224 terga
817 1169 1095 1224 cataphracta
1132 1170 1204 1211 uix
1243 1173 1428 1211 tormen-

72 1233 218 1272 torum
250 1230 407 1271 ictibus
439 1228 725 1283 perforentur.
790 1229 854 1269 17.
894 1231 937 1269 et
975 1229 1213 1270 saeuientes
1259 1243 1428 1283 semper

16 1307 54 1333 20
73 1289 247 1332 eaedem
289 1288 405 1329 ferae
451 1288 574 1342 quasi
616 1290 743 1341 pacto
785 1287 955 1329 foedere
995 1288 1180 1342 quodam
1219 1287 1429 1329 castrensi

72 1363 150 1403 per
200 1350 366 1402 septem
410 1347 744 1389 caerimoniosos
796 1346 885 1387 dies
936 1347 1169 1388 mitescunt
1212 1347 1265 1388 ab
1311 1346 1428 1388 omni

75 1407 258 1449 saeuitia
289 1406 586 1459 desciscentes,
625 1405 779 1460 quibus
844 1406 1085 1447 sacerdotes
1123 1405 1318 1460 Memphi
1355 1420 1428 1446 na-

71 1466 183 1508 tales
216 1465 436 1507 celebrant
467 1464 573 1506 Nili.
638 1465 703 1506 18.
734 1467 906 1518 praeter
944 1479 1017 1506 eos
1046 1467 1201 1518 autem,
1234 1464 1307 1519 qui
1346 1464 1428 1506 for-

72 1525 186 1567 tuita
224 1527 407 1579 pereunt
438 1526 590 1577 morte,
635 1523 711 1564 alii
743 1523 1044 1577 dirumpuntur
1083 1524 1276 1565 suffossis
1317 1523 1427 1565 aluis

16 1601 54 1627 25
73 1583 278 1626 mollibus
312 1583 490 1624 serratis
522 1582 712 1623 ferarum
732 1582 1006 1623 dorsualibus
1028 1583 1183 1636 cristis,
1216 1597 1322 1637 quas
1343 1582 1429 1623 del-

71 1643 217 1698 phinis
263 1641 427 1684 similes
471 1641 609 1683 nutrit
652 1641 807 1682 fluuius
847 1644 946 1683 ante
984 1642 1136 1696 dictus,
1180 1641 1256 1683 alii
1295 1641 1428 1682 exitio

71 1703 290 1744 intereunt
320 1701 413 1742 tali.
478 1700 543 1741 19.
574 1699 785 1741 trochilus
819 1700 987 1742 auicula
1018 1701 1163 1742 breuis
1195 1700 1295 1742 dum
1316 1714 1429 1742 esca-

71 1775 170 1803 rum
206 1760 412 1802 minutias
453 1761 609 1813 captat‚
648 1759 759 1800 circa
797 1759 1026 1801 cubantem
1064 1759 1200 1801 feram
1238 1759 1428 1800 uolitans

163 1906 184 1936 3
207 1900 343 1935 uiuunt
366 1899 435 1944 bya
458 1899 644 1933 uidebunt
672 1898 739 1934 ΓΡ
809 1897 968 1932 amfiboe
998 1898 1021 1931 1
1019 1897 1066 1932 P
1157 1902 1178 1932 4
1202 1896 1331 1931 bubali
1349 1896 1431 1931 Sal-

71 1957 153 1982 mas
189 1956 245 1981 em.
269 1945 373 1980 Ptin.
394 1955 433 1987 p.
459 1944 568 1979 2303
592 1944 719 1979 bucali
749 1943 885 1988 VPbya
989 1946 1008 1976 5
1039 1941 1287 1987 spinturnicia
1318 1941 1431 1976 Salon.

73 2002 129 2028 ex.
154 1991 258 2025 Plin.
283 2001 324 2035 p.
356 1990 458 2025 3770
486 1989 708 2034 pisturnicia
749 1989 817 2024 VP
921 1991 941 2021 6
967 1998 1186 2022 enumerare
1221 1986 1260 2022 G.
1293 1986 1341 2021 F.
1372 1986 1429 2021 W.

74 2069 214 2104 Mvscller
236 2078 433 2103 numerare
459 2067 562 2102 codd.
658 2072 700 2103 10
723 2067 843 2102 solum
879 2067 1012 2111 scripsi
1041 2066 1157 2100 salam
1179 2065 1214 2099 V
1297 2069 1337 2099 12
1362 2075 1431 2110 per

2 2130 8 2189 ἶ
71 2158 142 2184 om.
169 2148 236 2192 δρα
261 2146 425 2182 ouedens
455 2146 524 2181 VP
549 2156 621 2181 oua
646 2146 759 2181 edens
784 2146 850 2190 bya
966 2149 1008 2179 15
1032 2144 1156 2179 XVIII
1179 2144 1215 2178 A
1239 2113 1430 2190 ecbdeeiem

79 2226 115 2261 V
137 2225 268 2262 decem
283 2226 366 2272 Pby
417 2231 456 2261 17
481 2227 654 2261 uersatur
682 2225 850 2259 Valesius
867 2225 1106 2274 uituperatur
1124 2223 1158 2257 V
1178 2224 1432 2275 ueheperatur

1 2244 15 2325 l
74 2272 112 2306 P
135 2271 302 2306 uescitur
327 2272 394 2322 bqa
486 2276 530 2306 23
554 2270 632 2305 Nili
662 2270 773 2314 VPby
803 2269 894 2314 Apis
925 2270 961 2304 A
1030 2273 1074 2303 25
1110 2269 1263 2304 serratis
1298 2269 1431 2312 scripst

1 2330 8 2380 ¹
80 2316 189 2366 sertis
206 2316 250 2350 V¹
277 2317 387 2352 certis
405 2316 555 2361 V²Pb9a
619 2315 741 2350 cristis
766 2313 921 2350 Salmas.
949 2314 1134 2349 (3:13.le
1156 2325 1196 2365 19.
1212 2314 1319 2349 447Ε
1333 2325 1431 2348 crus—

2 2382 7 2427 i
79 2361 130 2396 sis
158 2361 203 2396 Vt
229 2362 361 2397 crustis
390 2361 543 2406 V²Pbya
635 2364 678 2395 27
698 2363 782 2404 post
806 2359 875 2394 tali
900 2360 966 2396 lac.
993 2361 1040 2393 12
1065 2359 1135 2394 litt
1160 2360 1203 2393 in
1227 2360 1263 2393 P

2 2447 6 2472 ι

2 2478 10 2549 ἰ
