1614 2549
355 109 692 146 CONSTANTIVS
717 110 779 145 ΕΤ
804 110 1037 146 IVLIANVS
1063 116 1129 148 360
1338 115 1419 158 199

66 209 309 261 temporum
340 204 594 257 interuallis,
626 203 670 245 id
702 207 766 246 est
798 219 893 246 cum
924 205 970 246 in
989 205 1206 248 domicilio
1228 207 1417 250 eiusdem

67 265 181 320 sigm'
211 266 306 305 tota
336 262 550 317 reperitur
582 263 685 304 luna
716 263 793 305 sub
827 264 929 318 sole,
961 264 1226 307 liniamentis
1247 266 1416 308 obiecta

0 329 1 336 ¹
65 322 329 376 rectissimis,
374 323 500 376 atque
544 322 591 362 in
633 321 700 363 his
738 322 960 376 paulisper
998 324 1195 365 consistit
1226 325 1416 378 minutis,
1454 334 1458 337 '

0 383 1 387 ’
67 395 174 436 quae
206 380 469 436 geometrica
499 381 610 422 ratio
642 381 830 434 partium
861 384 1003 435 partes
1031 383 1234 435 appellat.
1296 383 1334 425 3.
1368 399 1414 426 ac

0 449 1 487 j
29 454 47 480 5
65 440 167 481 licet
197 439 419 494 utriusque
452 439 602 481 sideris
631 440 930 481 conuersiones
964 443 1007 481 et
1038 443 1193 496 motus,
1224 444 1273 483 ut
1304 457 1416 484 scru-

63 501 226 540 tatores
260 512 484 539 causarum
515 497 870 552 intellegibiliiun
891 499 1176 554 aduerterant,
1208 499 1253 541 in
1284 516 1416 542 unum

0 555 1 560 ’
65 557 327 611 eundemque
359 557 488 598 finem
520 556 661 598 lunari
694 572 819 599 cursu
852 557 1032 612 impleto
1063 559 1242 611 perenni
1268 559 1415 601 distin-

64 616 206 658 ctione
245 616 521 668 conueniunt,
559 618 704 657 tamen
743 616 809 657 sol
840 631 927 658 non
964 631 1131 671 semper
1164 617 1230 658 his
1265 618 1413 660 diebus

64 675 300 728 obducitur,
338 674 412 715 sed
451 688 546 715 011111
585 674 686 716 lima
726 689 747 716 e
785 675 960 729 regione
999 676 1119 717 uelut
1155 676 1414 719 libramento

27 752 44 777 o
64 733 249 788 quodam
287 734 414 787 igneo
449 733 545 774 orbi
578 736 620 774 et
658 734 850 788 aspectui
881 736 1028 776 nostro
1062 735 1292 788 opponitur
1330 750 1414 777 me-

62 792 144 834 dia.
205 792 244 833 4.
265 792 317 833 ad
349 806 560 833 summam
592 793 684 832 tum
716 792 780 834 sol
802 793 1040 834 occultatur
1072 793 1298 846 splendore
1319 809 1414 848 sup-

60 864 224 904 presso,
257 865 352 892 cum
385 851 475 905 ipse
509 853 551 891 et
582 850 745 892 lunaris
786 851 941 905 globus
975 854 1190 892 astrorum
1224 853 1415 893 omnium

61 909 232 951 infimus
281 909 410 963 parili
448 909 656 951 comitatu
701 910 944 951 obtinentes
990 910 1170 951 circulos
1214 911 1412 965 proprios

61 968 265 1022 saluaque
296 968 463 1009 ratione
497 969 737 1009 altitudinis
771 968 1020 1010 interiectae
1059 969 1239 1010 iunctim
1272 970 1413 1023 locati,

26 1029 109 1070 5ut
148 1027 330 1068 scienter
363 1029 406 1068 et
444 1026 593 1068 decore
624 1027 899 1068 Ptolemaeus
939 1028 1125 1081 exponit,
1164 1028 1216 1069 ad
1255 1028 1413 1069 dimen-

3 1102 9 1136 3
61 1086 202 1127 siones
222 1086 432 1139 uenerint,
465 1100 570 1139 quos
603 1082 952 1139 ἀναβιβάζοντας
979 1088 1022 1127 et
1041 1084 1414 1140 καταβιβάζοντας

3 1140 9 1186 Ϊῑ
60 1141 356 1193 ἐκλειπτικοὺς
375 1142 666 1198 συνδέσμους,
693 1148 947 1199 coagmenta
979 1145 1180 1186 uidelicet
1201 1145 1411 1187 defectiua

60 1202 221 1244 Graeco
255 1203 455 1244 dictitant
488 1217 694 1245 sermone.
758 1206 800 1244 et
840 1204 876 1244 si
909 1204 1111 1257 contigua
1149 1204 1285 1245 isdem
1323 1205 1412 1246 iun-

60 1262 191 1304 cturis
223 1261 583 1316 praestrinxerint
604 1262 755 1316 spatia,
777 1262 953 1304 dilutior
986 1263 1067 1303 erit
1087 1262 1288 1304 defectus.
1316 1263 1355 1304 5.
1376 1264 1412 1305 si

25 1335 161 1365 ouero
207 1320 399 1362 articulis
443 1320 550 1375 ipsis
594 1321 877 1373 inhaeserint,
922 1320 995 1376 qui
1039 1321 1228 1362 coactius
1271 1336 1412 1362 ascen-

59 1394 130 1421 sus
162 1379 357 1420 uinciunt
389 1381 432 1420 et
463 1379 702 1434 descensus,
734 1379 966 1421 offunditur
998 1379 1265 1421 densioribus
1298 1382 1412 1421 tene-

58 1438 148 1479 bris
182 1439 360 1491 caelum,
397 1441 444 1479 ut
483 1441 670 1480 crassato
711 1453 807 1480 aere
846 1453 899 1479 ne
936 1438 1134 1492 proxima
1167 1439 1337 1492 quidem
1370 1442 1412 1480 et

59 1497 256 1551 adposita
287 1511 458 1538 cernere
491 1511 706 1551 queamus.

179 1556 219 1597 6.
251 1554 326 1597 Sol
364 1558 506 1597 autem
545 1556 741 1610 geminus
780 1556 841 1597 ita
879 1555 1016 1597 uideri
1055 1556 1336 1609 existimatur,
1375 1557 1412 1598 si

8 1616 208 1659 25ieuecta
240 1614 368 1655 solito
391 1615 545 1656 celsius
565 1615 711 1670 nubes,
745 1617 1099 1669 aeternorumque
1125 1615 1291 1668 ignium
1317 1630 1412 1669 pro-

1 1704 6 1730 ,
47 1672 300 1727 ,pinquitate
333 1673 572 1727 conlucens,
605 1674 721 1715 orbis
756 1673 933 1715 alterius
967 1673 1267 1714 claritudinem
1304 1677 1412 1715 tam-

2 1731 6 1773 Ι
59 1745 189 1786 quam
221 1746 242 1772 e
274 1732 446 1786 speculo
478 1733 651 1786 puriore
683 1732 948 1774 formauerit.

178 1790 216 1831 7.
247 1789 372 1831 Nimc
404 1790 626 1832 ueniamus
660 1792 712 1832 ad
743 1791 902 1832 lunam.
953 1793 1149 1844 apertum
1171 1793 1213 1832 et
1246 1791 1411 1832 euiden-

57 1850 146 1889 tem
189 1849 252 1890 ita
295 1849 464 1890 demum
510 1850 694 1891 sustinet
738 1850 840 1891 luna
882 1849 1106 1902 defectum,
1145 1864 1240 1891 cum
1283 1850 1410 1903 pleno

0 1896 218 1954 1101111111ηο
251 1908 481 1949 rotundata
520 1908 684 1962 solique
719 1908 936 1949 contraria
968 1908 1020 1949 ab
1055 1909 1143 1949 eius
1183 1908 1286 1949 orbe
1319 1922 1411 1949 cen-

0 1960 12 2019 1
57 1968 151 2007 tum
183 1966 408 2020 octoginta
438 1967 646 2021 partibus,
678 1967 721 2008 id
754 1970 818 2008 est
850 1966 974 2020 signo
1008 1967 1190 2020 septimo
1224 1967 1411 2020 dispara-

1 2029 14 2093 {3
57 2027 138 2066 tur.
190 2027 232 2065 et
265 2039 523 2080 quamquam
553 2025 636 2066 hoc
666 2040 742 2079 per
764 2039 888 2066 omne
919 2025 1206 2078 plenilunium
1242 2039 1411 2079 semper

2 2152 5 2167 ‚
149 2132 171 2162 4
195 2138 309 2172 quase
339 2127 371 2161 V
394 2128 498 2172 quasi
524 2128 560 2162 P
584 2138 675 2171 quas
700 2128 767 2172 bya
828 2129 994 2172 partium
1018 2129 1144 2171 partes
1166 2127 1270 2162 VAP
1287 2129 1411 2172 partes

0 2170 4 2213 1
56 2173 122 2217 ‘rby
215 2176 256 2207 10
279 2172 431 2207 mendia
460 2172 494 2207 V
584 2177 625 2207 13
655 2172 792 2206 infimis
817 2172 945 2216 parilis
976 2172 1042 2207 VP
1066 2172 1215 2206 infimus
1239 2173 1350 2217 parili
1378 2173 1411 2208 G

1 2225 3 2242 ³
61 2221 101 2251 16
126 2227 158 2251 a.
175 2218 341 2253 ΝΑΒΙΒΑ
364 2219 368 2257 Ι
390 2217 681 2252 ZOcheuka.
701 2219 774 2259 (ΑΣ
797 2217 827 2251 ἃ*
843 2218 900 2252 ΚΑ
924 2217 973 2260 Α)
992 2217 1410 2253 ΤΑΒΙΒΑΖΟΝΤΑΕΕΚ

0 2295 4 2302 ,
60 2261 179 2304 (ΣΕΙΚ
221 2262 285 2307 Α.)
311 2262 836 2298 ΑΙΠΠΚΟγΕΕΥΝΑΕΕΟΟΟ*
867 2263 987 2304 (erasa
1019 2263 1167 2309 7217C
1200 2262 1329 2304 (ΜΟΙΕ
1361 2263 1411 2303 Ρ)

2 2334 4 2340 .
60 2307 135 2344 (Ος
173 2308 350 2351 agmenta
390 2306 494 2341 VAP
527 2317 658 2352 graeca
695 2307 826 2342 desunt
862 2306 920 2342 Rb
952 2306 982 2341 &
1006 2304 1350 2352 καταβιβάζονταις
1378 2307 1412 2342 G

0 2361 11 2424 ἰ
58 2350 383 2430 *23dinhaeserint
407 2352 472 2396 bgya
498 2352 747 2386 inaeserintur
776 2351 844 2385 VP
912 2355 955 2386 25
982 2353 1115 2386 euecta
1137 2353 1268 2395 scripsi
1287 2352 1413 2387 erecta

58 2405 98 2432 co
155 2423 162 2431 .

0 2471 10 2549 ἰ
