1573 2508
133 59 218 102 232
646 55 732 91 XXI
759 60 789 100 1,
818 60 937 99 11—3,
965 60 982 91 1

260 154 325 194 11.
358 151 571 206 Aperiiuit
608 152 709 191 tunc
742 164 910 204 quoque
941 152 1124 192 uentura
1161 165 1256 193 cum
1288 153 1487 194 aestuant

136 210 361 253 hominum
406 209 535 251 corda
579 207 652 249 sed
696 207 897 249 locuntur
939 208 1096 250 diuina.
1164 210 1228 251 sol
1267 210 1397 264 em'm,
1438 212 1488 252 ut

141 271 261 311 aimit
304 268 485 323 physici,
530 281 648 308 mens
689 266 848 320 mundi,
890 269 1060 308 nostras
1104 271 1266 310 mentes
1305 282 1355 310 ex
1394 282 1486 310 sese

142 328 261 369 uelut
294 326 507 368 scintillas
540 324 817 366 diffunditans
857 339 951 366 cum
990 338 1062 366 eas
1100 325 1333 368 incenderit
1364 326 1487 368 uehe-

141 386 339 439 mentiuS,
370 384 503 426 futuri
536 383 727 426 conscias
760 383 908 424 reddit.
970 383 1079 425 unde
1113 382 1303 438 Sibyllae
1336 385 1486 427 crebro
1505 399 1524 424 5

140 460 183 485 se
216 444 363 485 dicunt
384 443 530 485 ardere
563 445 754 484 torrente
774 442 817 483 ui
837 454 994 496 magna
1026 441 1306 484 flammarum.
1350 443 1488 486 multa

141 502 388 557 significant
432 516 559 556 super
601 500 670 541 his
714 501 901 554 crepitus
945 514 1098 542 uocum
1143 504 1185 543 et
1222 501 1490 544 occurrentia

140 562 275 615 signa,
313 560 503 602 tonitrua
538 559 641 613 quin
678 559 810 600 etiam
842 561 885 599 et
921 558 1095 613 fulgura
1128 563 1170 601 et
1207 559 1390 602 fulmina
1421 560 1489 601 iti-

140 619 319 674 demque
354 619 539 660 siderum
572 617 692 659 sulci.
1552 654 1561 665 ff

263 678 328 718 12.
362 677 635 719 Somniorum
668 679 811 717 autem
843 679 939 717 rata
971 675 1074 717 fides
1107 679 1150 717 et
1188 676 1488 718 indubitabilis
1508 691 1543 717 ιο

144 736 268 790 foret,
287 736 332 776 111
352 736 660 777 ratiocinantes
683 734 928 775 coniectura
948 733 1211 776 fallerentur.
1260 735 1488 777 interdum-

143 809 235 848 que,
267 797 314 835 ut
334 793 595 835 Aristoteles
629 792 838 847 adfirmat,
869 796 960 833 tum
992 792 1077 834 fixa
1110 796 1209 835 sunt
1228 796 1270 835 et
1302 793 1491 848 stabilia,
1550 823 1552 826 ψ

145 868 240 894 cum
275 853 507 894 animantis
541 851 673 893 altius
707 851 963 905 quiescentis
990 851 1176 893 ocularis
1207 851 1373 906 pupilla
1392 867 1491 893 neu·
1548 861 1562 902 ,ξ

145 911 262 952 trubi
294 911 501 952 inclinata
534 910 771 951 rectissime
804 910 951 951 cernit.
1015 911 1080 951 13.
1112 913 1153 951 et
1175 911 1274 965 quia
1306 910 1489 952 uanities
1548 909 1561 938 5

143 970 405 1024 aliquotiens
448 969 617 1023 plebeia
659 969 834 1022 strepit,
877 968 982 1009 haec
1023 969 1206 1022 inperite
1247 969 1490 1023 mussando,
1510 968 1557 1009 ιε’

143 1028 178 1068 si
211 1030 325 1069 esset
356 1026 672 1082 praesentiendi
704 1027 859 1068 notitia
894 1027 1113 1081 quaedam,
1145 1042 1217 1069 cur
1248 1027 1324 1068 ille
1347 1041 1391 1069 se
1424 1041 1490 1069 ca-

144 1101 290 1127 surum
329 1086 373 1127 in
410 1085 525 1127 bello
559 1085 628 1126 uel
666 1085 776 1126 alius
809 1084 891 1126 hoc
931 1100 974 1126 se
1012 1100 1238 1140 passurum
1270 1085 1490 1140 ignorauit

143 1147 217 1186 aut
249 1144 368 1199 illud,
410 1144 595 1186 sufficiet
625 1143 721 1197 dici,
759 1143 870 1197 quod
901 1146 945 1185 et
983 1145 1289 1198 grammaticus
1320 1144 1489 1186 locutus

143 1203 355 1244 interdum
389 1205 455 1244 est
493 1202 689 1256 barbare,
728 1205 769 1242 et
808 1202 988 1243 absurde
1021 1203 1175 1244 cecinit
1212 1203 1411 1257 musicus,
1448 1205 1492 1244 et

144 1262 361 1316 ignorauit
400 1261 634 1302 remedium
666 1260 871 1301 medicus:
911 1264 956 1302 at
987 1275 1073 1302 non
1111 1261 1204 1302 ideo
1235 1276 1313 1303 nec
1352 1274 1491 1316 gram·
1509 1274 1546 1302 20

142 1320 300 1361 matica
331 1335 408 1362 nec
440 1320 603 1361 musica
636 1333 712 1360 nec
750 1319 959 1360 medicina
1001 1320 1213 1361 subsistit.
1278 1320 1342 1361 14.
1381 1319 1491 1362 unde

144 1379 362 1432 praeclare
394 1378 474 1419 hoc
508 1381 674 1432 quoque
707 1380 754 1418 ut
785 1378 872 1418 alia
904 1377 1072 1419 Tullius
1104 1377 1242 1432 ‘signa
1263 1378 1491 1420 ostendun-

141 1437 221 1478 tur'
255 1437 316 1478 ait
348 1436 385 1478 ‘a
416 1437 482 1477 dis
514 1451 655 1477 rerum
687 1436 940 1477 futurarum.
1004 1437 1048 1477 in
1079 1436 1147 1477 his
1181 1437 1292 1491 siqui
1325 1451 1491 1478 erraue-

142 1495 210 1548 rit,
242 1509 327 1536 non
359 1495 534 1536 deorum
565 1497 721 1536 natura
753 1494 825 1535 sed
857 1494 1080 1536 hominum
1115 1495 1358 1536 coniectura
1396 1509 1490 1549 pec-

143 1553 281 1594 cauit'.
343 1568 395 1594 ne
436 1554 570 1608 igitur
611 1556 731 1594 extra
773 1553 944 1606 calcem,
986 1553 1096 1607 quod
1137 1553 1305 1606 dicitur,
1348 1567 1488 1595 sermo
1508 1566 1544 1594 25

141 1612 366 1653 decurrens
405 1612 568 1653 lecturo
608 1611 829 1652 fastidium
869 1612 989 1665 ferat,
1029 1611 1080 1652 ad
1115 1611 1366 1665 explicanda
1397 1625 1490 1666 pro-

142 1673 289 1724 specta
322 1673 599 1711 reuertamur.

262 1727 304 1770 2.
342 1730 377 1770 1.
410 1727 516 1770 Cum
556 1727 667 1781 apud
698 1727 889 1768 Parisios
930 1727 1067 1769 adhuc
1100 1727 1259 1769 Caes-'ar
1295 1727 1489 1769 Iulianus

142 1787 339 1841 quatiens
373 1790 538 1828 scutum
571 1786 703 1827 uariis
737 1786 925 1827 motibus
959 1790 1226 1827 exerceretur
1257 1786 1301 1827 in
1327 1800 1491 1840 campo,

120 1839 336 1900 luiticulis,
375 1846 469 1900 quis
509 1845 625 1886 orbis
664 1847 757 1886 erat
789 1844 1113 1898 conpaginatuS,
1151 1845 1195 1886 in
1233 1859 1390 1887 uanum
1423 1859 1491 1886 ex·
1508 1857 1546 1884 80

123 1883 277 1979 {ffissis
321 1904 463 1958 ampla
506 1906 771 1944 remanserat
813 1903 918 1956 sola,
963 1917 1091 1958 quam
1124 1903 1312 1944 retinens
1345 1902 1491 1945 ualida

235 2018 450 2062 2loquuntu
472 2017 503 2051 V
544 2021 626 2061 post
659 2017 864 2060 loquuntur
894 2018 1033 2061 repetit.
1068 2029 1151 2052 cum
1178 2018 1350 2052 aestuant
1372 2017 1490 2051 homi·
1546 2052 1550 2054 ,

142 2074 231 2096 1111111
257 2062 367 2096 corda
394 2062 458 2096 sed
487 2062 519 2097 P
589 2066 608 2097 5
634 2061 798 2096 conscius
829 2061 896 2095 VP
920 2062 1008 2106 εγω
1033 2061 1194 2106 P)bi11as
1225 2061 1291 2096 VP
1371 2065 1412 2096 10
1436 2061 1489 2095 in-
1527 2094 1531 2102 ,

142 2106 368 2141 dubitabiles
393 2106 460 2141 VP
530 2108 598 2140 *12
625 2105 718 2149 tum]
744 2105 821 2140 ium
858 2105 924 2141 VP
960 2106 996 2140 in
1032 2107 1101 2151 hya
1180 2110 1218 2140 13
1243 2105 1389 2151 pupilla
1422 2105 1442 2140 b
1467 2116 1491 2140 a

143 2151 294 2196 popiala
323 2151 356 2184 V
377 2150 544 2195 popialia
567 2151 603 2186 P
683 2154 721 2184 16
747 2161 784 2184 se
810 2150 877 2195 byn
903 2152 939 2185 te
972 2150 1037 2185 VP
1117 2155 1159 2185 ‘20
1184 2153 1223 2185 at
1252 2152 1287 2184 A
1318 2150 1358 2184 et
1386 2159 1425 2185 co
1454 2149 1490 2184 d.

143 2199 186 2230 :22
215 2195 288 2230 Cic.
315 2195 359 2230 de
384 2200 458 2230 nat.
485 2196 632 2230 deorum
651 2195 702 2228 II
722 2197 756 2237 4,
780 2197 826 2229 12
895 2199 938 2230 23
963 2205 985 2229 a
1009 2194 1078 2229 diis
1107 2195 1140 2227 G
1165 2195 1211 2230 ad
1237 2194 1293 2229 his
1316 2193 1408 2229 Vab
1432 2194 1491 2228 his
1529 2225 1541 2233 1

140 2240 224 2276 Pba
271 2240 299 2273 si
352 2240 389 2273 ui
422 2240 592 2283 epauerit
620 2238 687 2274 VP
763 2243 805 2273 ‘27
830 2240 1059 2274 recertamur
1089 2239 1156 2274 VP
1202 2244 1245 2274 30
1275 2238 1430 2273 axiculis
1456 2238 1491 2273 G
1534 2241 1553 2278 ”,·

144 2284 295 2319 axicolis
325 2251 392 2318 {P
417 2284 554 2318 assulas
579 2284 598 2318 b
658 2284 694 2317 in
721 2294 858 2318 uanum
889 2283 994 2319 VGP
1018 2295 1037 2318 e
1063 2294 1173 2318 manu
1201 2283 1245 2318 ba
1298 2286 1339 2318 31
1367 2282 1493 2328 ampla
1547 2294 1551 2299 ‘

148 2329 215 2364 VP
238 2339 327 2363 ansa
353 2328 386 2363 G
411 2328 553 2363 ochana
577 2329 621 2363 ba
