1614 2549
584 67 816 102 IVLIANVS
841 71 908 102 362
1349 69 1435 112 303

199 163 239 204 4.
270 162 322 204 In
352 162 580 216 Pentapoli
603 162 741 217 Libya
761 160 926 216 Cyrene
959 164 1025 203 est
1054 162 1210 216 posita,
1240 163 1343 204 urbs
1364 178 1438 204 an-

81 223 203 277 tiqua
235 222 308 263 sed
341 222 521 275 deserta,
553 236 682 275 quam
703 220 941 276 Spartanus
969 221 1158 262 condidit
1190 221 1359 275 Battus,
1391 224 1435 263 et

82 281 322 323 Ptolomais
355 283 398 321 et
429 280 614 321 Arsinoe
648 280 879 335 eademque
901 279 1113 321 Teuchira
1146 283 1188 321 et
1213 280 1370 322 Darnis
1391 283 1438 322 et

82 340 300 393 Berenice,
344 354 449 394 quas
487 338 748 393 Hesperidas
794 339 1028 393 appellant.
1090 338 1129 380 5.
1167 339 1213 380 in
1257 340 1434 381 sicciore

47 417 63 442 5
82 413 184 440 uero
203 398 343 452 Libya
362 398 654 440 Paraetonion
686 400 728 439 et
748 397 981 439 Chaerecla
1012 401 1055 438 et
1082 397 1291 452 Neapolis
1323 399 1438 439 inter

83 458 317 512 municipia
346 472 482 511 pauca
514 460 557 498 et
587 457 748 498 breuia.

204 517 241 559 6.
273 516 500 571 Aegyptus
521 516 627 570 ipsa,
660 530 767 570 quae
799 516 886 556 iam
907 515 1016 569 inde,
1049 516 1113 556 uti
1132 515 1327 557 Romano
1360 516 1439 557 im·

84 577 203 631 perio
236 576 382 617 iuncta
414 578 480 616 est
511 575 677 629 regitur
710 590 734 616 a
765 574 1008 629 praefectis,
1041 575 1229 628 exceptis
1263 575 1438 616 minori-

84 636 164 676 bus
184 635 348 688 multis,
379 634 557 675 Athribi
591 637 633 675 et
654 633 916 688 Oxyryncho
938 636 981 674 et
1002 633 1160 675 Thmui
1182 636 1225 675 et
1244 633 1439 688 Memphi

31 711 65 736 ιο
84 694 283 735 maximis
316 693 496 735 urbibus
528 693 650 734 nitet.

206 754 245 795 7.
281 752 545 794 Alexandria
596 752 709 793 em'm
752 754 902 792 uertex
952 751 1143 792 omnium
1188 754 1254 792 est
1292 751 1441 793 ciuita-

85 816 190 867 tum,
235 826 364 866 quam
408 812 547 853 multa
588 811 826 852 nobilitant
866 813 909 851 et
940 810 1266 864 magnificentia
1298 810 1441 851 condi-

85 872 193 913 toris
233 871 438 913 altissimi
483 874 525 911 et
567 869 793 911 architecti
835 869 1030 910 sollertia
1062 868 1324 923 Dinocratis,
1366 869 1441 923 qui

88 946 184 973 cum
215 930 356 983 ampla
386 930 548 971 moenia
575 929 772 982 fhmdaret
801 931 838 969 et
871 927 1050 982 pulchra
1072 928 1283 980 paenuria
1319 928 1441 969 calcis

35 1005 68 1032 15
87 991 144 1032 ad
173 992 439 1031 momentum
470 1002 622 1042 parum
651 990 847 1041 repertae
868 1001 1017 1028 omnes
1039 987 1226 1028 ambitus
1257 986 1439 1027 lineales

87 1049 228 1091 farina
246 1048 466 1102 respersit,
499 1047 612 1102 quod
633 1047 854 1088 ciuitatem
876 1049 976 1100 post
1006 1045 1112 1086 haec
1136 1045 1444 1086 alimentorum

88 1108 212 1150 uberi
244 1108 367 1161 copia
400 1106 691 1148 circumfluere
724 1105 907 1146 fortuito
940 1104 1213 1145 monstrauit.
1275 1105 1314 1146 8.
1334 1103 1444 1145 inibi

89 1181 216 1209 aurae
250 1166 480 1208 salubriter
513 1165 740 1219 spirantes,
779 1178 850 1205 aer
880 1163 1141 1218 tranquillus
1181 1166 1224 1204 et
1257 1163 1442 1204 clemens

91 1230 232 1281 atque,
270 1228 318 1267 ut
356 1225 595 1279 periculum
633 1223 778 1265 docuit
815 1237 891 1277 per
928 1222 1070 1263 uarias
1111 1222 1340 1263 collectum
1379 1235 1446 1263 ae-

38 1302 71 1327 20
91 1289 216 1339 tates,
247 1284 366 1326 nullo
399 1298 533 1338 paene
567 1283 633 1324 die
666 1282 901 1324 incolentes
933 1281 1045 1323 hanc
1066 1281 1288 1322 ciuitatem
1309 1281 1445 1322 solem

93 1359 290 1386 serenum
320 1357 407 1384 non
437 1343 596 1384 uident.
659 1342 697 1383 9.
734 1341 815 1382 hoc
854 1341 959 1381 litus
999 1355 1094 1381 cum
1131 1339 1361 1381 fallacibus
1401 1341 1445 1380 et

91 1403 310 1445 insidiosis
343 1402 584 1443 accessibus
617 1401 841 1455 adfligeret
874 1399 1055 1441 antehac
1085 1399 1342 1453 nauigantes
1363 1398 1446 1439 dis-

93 1462 344 1504 criminibus
389 1461 605 1515 plurimis,
651 1459 915 1513 excogitauit
958 1459 1003 1498 in
1045 1461 1173 1512 portu
1217 1456 1448 1511 Cleopatra

92 1522 247 1563 turrim
281 1520 505 1572 excelsam,
538 1534 645 1574 quae
666 1518 832 1559 Pharos
866 1532 890 1558 a
922 1517 1016 1558 loco
1050 1517 1144 1571 ipso
1173 1516 1447 1571 cognomina-

40 1595 74 1621 25
93 1583 177 1634 tur,
212 1579 485 1634 praelucendi
517 1578 700 1619 nauibus
732 1580 942 1618 nocturna
980 1589 1215 1630 suggerens
1254 1575 1448 1616 ministe-

94 1640 171 1693 ria,
210 1653 305 1680 cum
338 1638 553 1692 quondam
585 1652 636 1678 ex
666 1636 900 1677 Parthenio
933 1635 1088 1689 pelago
1121 1635 1344 1676 uenientes
1377 1633 1448 1674 uel

94 1698 270 1753 Libyco,
313 1711 390 1751 per
420 1697 584 1751 pandas
625 1710 722 1737 oras
756 1698 799 1736 et
830 1695 1016 1748 patulas,
1053 1694 1269 1735 montium
1306 1693 1448 1734 nullas

97 1757 291 1812 speculas
324 1756 394 1797 uel
427 1755 602 1797 collium
635 1755 760 1809 signa
793 1756 1027 1806 cernentes,
1058 1753 1317 1794 harenarum
1354 1751 1451 1792 inli-

98 1830 169 1858 sae
203 1815 446 1871 glutinosae
467 1814 680 1855 mollitiae
713 1814 1029 1866 frangerentur.
1083 1812 1148 1853 10.
1175 1811 1281 1852 haec
1302 1810 1452 1851 eadem

44 1890 78 1916 30
97 1875 250 1929 regina
280 1873 603 1928 heptastadium
637 1873 747 1913 sicut
777 1872 851 1912 uix
890 1871 1099 1912 credenda
1131 1870 1351 1911 celeritate
1390 1868 1453 1909 ita

98 1933 396 1988 magnitudine
428 1933 539 1973 mira
573 1931 814 1973 construxit
847 1930 901 1971 ob
935 1944 1108 1971 causam
1140 1931 1288 1970 notam
1310 1930 1353 1968 et
1383 1941 1452 1968 ne-

100 1993 343 2035 cessariam.
403 1991 545 2033 insula
577 1990 752 2043 Pharos,
792 1988 1059 2031 ubiProtea
1091 2003 1187 2029 cum
1218 1987 1454 2041 phocarum

193 2142 209 2171 1
237 2137 380 2181 Cyrene
405 2137 472 2182 byca
497 2145 607 2169 curae
638 2134 705 2169 VP
775 2136 795 2168 8
819 2134 964 2178 regitur
983 2132 1016 2167 G
1041 2132 1144 2177 regio
1169 2131 1314 2176 regitur
1342 2130 1456 2165 VPba

101 2187 121 2218 9
147 2182 370 2227 Oxyryncho
399 2182 432 2215 G
458 2180 648 2215 ozurinmo
679 2179 714 2213 V
735 2179 872 2213 Thmui
907 2178 939 2212 G
971 2177 1081 2211 timui
1111 2177 1146 2211 V
1257 2180 1299 2210 14
1331 2175 1456 2220 -pla—

101 2227 213 2262 calcis
226 2227 265 2260 id
279 2227 367 2261 add.
384 2225 417 2260 G
467 2229 598 2260 13—15
624 2224 786 2268 quicum
801 2224 1148 2258 ammonumentum
1178 2221 1246 2256 VP
1295 2225 1335 2254 17
1361 2219 1456 2253 inibi

106 2272 220 2308 VPba
243 2271 381 2306 indicio
407 2271 461 2306 ibi
495 2270 528 2304 G
584 2274 624 2304 18
655 2280 719 2304 aer
743 2269 811 2313 bya
842 2279 953 2312 saepe
984 2267 1053 2302 VP
1104 2268 1178 2301 *26
1203 2266 1265 2301 uel
1294 2265 1361 2299 VP
1391 2265 1457 2298 aut

107 2317 278 2361 Eyssenh.
373 2320 414 2351 27
439 2314 616 2350 fatumlas
645 2314 714 2349 VP
737 2324 875 2348 uacuas
902 2313 935 2348 G
1029 2316 1072 2347 ⁵28
1096 2312 1227 2346 inlisae
1255 2310 1289 2345 G
1314 2308 1456 2344 inselae

108 2361 176 2397 VP
268 2365 310 2397 32
334 2361 473 2396 Protea
497 2361 563 2405 hya
587 2370 725 2404 praeca
753 2358 821 2394 VP
