1573 2508
564 48 858 87 PRAEFATIO.
1290 45 1392 80 XXV

48 148 238 204 repperit
250 147 330 190 Th.
343 145 597 188 Mommsen.
626 145 823 200 Denique
836 157 995 186 nouum
1015 142 1200 184 indicem
1219 140 1394 182 histori-

47 222 148 249 cum
173 209 217 248 et
241 204 580 262 geographieum
606 203 789 258 confeci3
824 217 950 245 nemo
977 201 1093 243 enim
1113 202 1191 254 est,
1211 199 1315 254 quin
1332 199 1393 241 ui-

49 265 150 307 deat
167 263 515 320 Wagnerianum
545 264 598 306 ab
632 263 749 306 omni
779 265 902 317 parte
933 275 1026 303 esse
1057 258 1369 314 imperfectum.

166 323 318 366 Finem
376 322 602 377 praefandi
655 322 864 364 faciamus
929 317 1230 362 enumerandis
1285 316 1392 358 uiris

48 382 204 437 doctis,
243 396 426 437 quorum
468 381 645 423 nomina
681 381 727 421 in
762 380 878 421 notis
919 378 1090 433 saepius
1126 378 1394 431 repetuntur.

46 441 114 484 Ex
144 441 364 483 ueteribus
397 441 560 494 optime
591 440 641 481 de
672 438 903 481 Ammiano
935 437 1093 478 meruit
1113 436 1182 477 Fr.
1212 434 1394 477 Linden-

47 500 243 555 brogius,
275 503 319 541 et
349 502 449 541 ante
481 513 627 541 omnes
659 498 894 552 sospitator
924 496 1000 538 ille
1031 494 1253 536 Ammiani
1283 492 1394 535 Mar-

47 559 194 601 cellini
233 558 446 600 Henricus
489 557 704 599 Valesius.
789 555 1031 597 Gronouius
1075 568 1176 595 uero
1220 567 1308 594 non
1351 552 1396 592 id

49 617 134 658 sibi
163 617 334 659 uidetur
364 617 653 671 proposuisse,
690 618 738 657 ut
774 614 1008 656 Ammiano
1047 612 1181 654 uerba
1220 626 1296 653 sua
1331 625 1395 651 re-

50 676 268 730 stitueret,
319 676 393 717 sed
435 679 484 717 ut
527 675 798 717 occasionem
842 674 1052 727 arriperet
1096 686 1180 725 qua
1227 670 1394 724 priores

48 734 235 776 editores
263 737 323 776 ’et
366 735 411 775 in
452 734 603 788 primis
646 732 847 774 Valesios
891 732 1170 785 uituperaret.
1231 728 1298 770 Ex
1332 742 1396 769 re-

47 793 311 835 centioribus
343 794 482 846 primo
514 794 609 834 loco
640 791 891 833 nominandi
924 793 1023 831 sunt
1053 789 1111 829 M.
1142 787 1311 841 Haupt,
1342 786 1395 828 A.

48 851 289 906 Kiessling,
333 851 413 892 Th.
458 851 717 904 Mommsen,
755 851 828 904 qui
866 863 1034 890 summa
1075 847 1313 901 sagacitate
1353 847 1397 886 et

47 910 371 964 perseuerantia
417 911 486 951 usi
542 925 638 951 cum
685 910 830 950 fructu
883 907 1102 949 uberrimo
1160 905 1303 946 studia
1350 904 1397 944 in

47 968 326 1011 Ammianum
365 968 656 1022 contulerunt,
696 968 851 1022 quibus
891 966 1044 1007 addam
1085 963 1313 1006 Alfredum
1345 962 1396 1003 de

48 1027 320 1081 Gutschmid,
359 1028 432 1082 qui
464 1041 755 1082 quaecumque
788 1027 833 1067 in
864 1023 1087 1066 Ammiani
1124 1022 1250 1064 libris
1281 1021 1397 1063 uide-

48 1089 118 1128 rat
154 1087 402 1128 acutissime
440 1100 608 1127 meeum
646 1084 993 1127 communicauit.
1054 1081 1395 1124 Dissertationes

47 1146 354 1199 recentiorum,
393 1145 548 1200 quibus
587 1144 781 1198 singulos
814 1144 931 1185 locos
971 1156 1122 1183 sanare
1154 1140 1396 1193 uoluerunt,

47 1203 130 1246 hae
163 1206 280 1246 sunt:

166 1261 224 1305 M.
260 1261 427 1316 Haupt:
464 1261 547 1303 Rh.
583 1261 694 1304 Mus,
724 1261 746 1302 Ι
776 1275 817 1315 p.
847 1259 948 1302 475.
996 1258 1129 1300 Index
1162 1257 1398 1299 lectionum

47 1321 182 1364 berol.
214 1336 251 1363 a.
285 1321 397 1363 1868
431 1323 474 1362 et
508 1320 634 1362 1874.

110 1379 200 1481 515Ι.
241 1378 484 1422 Hermann:
534 1378 858 1420 obseruationes
910 1375 1084 1418 criticae
1114 1373 1397 1417 Ammianeae

166 1497 217 1540 E.
234 1496 421 1539 Horkel:
454 1495 683 1539 Orationes
704 1497 748 1538 et
767 1494 1093 1537 dissertationes
1119 1491 1262 1534 Berol.
1284 1490 1398 1533 1862

48 1571 89 1611 Ρ.
120 1556 367 1598 229-256,

168 1614 209 1657 J.
240 1614 287 1657 P.
317 1613 532 1656 Binsfeld:
562 1612 646 1654 Rh.
676 1612 787 1654 Mus.
818 1611 945 1653 XXII
975 1626 1016 1666 p.
1047 1609 1293 1652 310——312.

167 1672 214 1716 Ρ.
232 1673 428 1728 Langen:
458 1672 796 1715 Emendationes
815 1671 1098 1713 Ammianeae
1127 1669 1253 1710 1867.
1300 1666 1401 1708 Phi-

50 1732 124 1775 lol.
154 1731 369 1774 XXVIIII
399 1747 440 1786 p.
471 1731 720 1773 469—487.

167 1791 220 1833 R.
268 1791 435 1846 Unger:
486 1790 536 1831 de
584 1789 809 1831 Ammiani
851 1787 909 1830 M.
957 1787 1065 1829 locis
1109 1784 1398 1828 controuersis

54 1850 180 1893 1868.
240 1850 391 1904 Progr.
423 1849 581 1904 gratul.
613 1848 830 1903 gymnasii
852 1845 1215 1888 Friedlandiensis
1251 1842 1376 1885 1869.

169 1908 224 1951 V.
255 1908 573 1950 Gardthausen:
607 1906 894 1949 Coniectanea
925 1905 1183 1948 Ammianea
1216 1902 1342 1944 1869.

169 1967 238 2009 Fr.
269 1967 405 2008 Riihl:
436 1966 583 2008 Fleek.
614 1966 756 2008 annal.
787 1965 891 2019 phil.
924 1980 959 2006 a.
995 1964 1120 2006 1871.
1151 1978 1192 2017 p.
1223 1961 1324 2003 480.

171 2025 223 2068 A.
254 2026 495 2080 Kiessling:
525 2025 734 2066 Fleckeis.
767 2024 908 2065 annal.
943 2023 1053 2065 1871
1087 2037 1128 2076 p.
1154 2019 1402 2063 481—504.

52 2083 186 2143 Index
218 2085 464 2127 scholarum
498 2083 816 2139 Gryphiswald.
850 2083 976 2124 1874.

171 2143 224 2185 Α.
243 2144 546 2185 Kellerbauer:
567 2142 813 2184 scholarum
832 2140 1044 2183 Bauariae
1066 2138 1207 2181 annal.
1231 2153 1268 2180 a.
1290 2136 1400 2178 1871

53 2218 94 2257 p.
128 2203 314 2244 11—24.
347 2203 460 2244 1873
491 2217 532 2256 p.
565 2201 752 2255 82-91,
782 2216 823 2255 p.
857 2199 1101 2241 127—141.

174 2260 219 2304 C.
255 2261 303 2304 F.
339 2260 411 2303 W.
441 2260 619 2303 Muller:
657 2259 863 2302 Fleckeis.
902 2258 1044 2300 annal.
1082 2257 1188 2312 phil.
1221 2271 1256 2297 a.
1292 2253 1403 2296 1873
