1573 2508
115 93 171 136 30
587 92 692 128 xlm
719 97 750 136 s,
779 97 819 129 13
844 112 887 118 —
912 97 943 136 9,
968 98 988 129 5

118 187 287 229 ludaeis
319 187 494 228 domitis
533 191 576 227 et
606 186 923 241 Hierosolymis
956 187 1094 241 captis
1136 187 1181 228 in
1217 187 1465 242 prouinciae

119 246 304 300 speciem
336 245 479 287 delata
512 245 618 285 iuris
649 244 834 286 dictione
866 245 1084 287 formauit.

240 305 303 345 13.
335 303 446 345 Huic
466 302 630 344 Arabia
652 306 717 345 est
736 306 944 357 conserta,
976 318 1027 345 ex
1048 303 1134 345 alio
1167 303 1302 345 latere
1321 303 1465 358 Naba-

116 363 226 404 taeis
260 362 479 417 contigua3
512 362 654 416 opima
687 362 900 404 uarietate
931 362 1268 404 conmerciorum
1293 362 1464 404 castris—

118 436 197 475 que
230 421 405 475 oppleta
437 420 592 462 ualidis
632 423 673 462 et
706 421 915 473 castellis,
957 435 1065 475 quae
1103 420 1156 462 ad
1193 420 1494 474 repellendos⁵

117 479 311 533 gentium
342 479 578 521 uicinarum
613 494 810 520 excursus
844 479 1087 521 sollicitudo
1124 479 1311 533 peruigil
1350 482 1464 522 uete-

115 553 209 580 rum
239 553 316 592 per
347 541 581 592 oportunos
615 538 752 579 saltus
785 538 921 579 erexit
953 541 995 579 et
1027 541 1188 580 cautos.
1225 537 1332 580 haec
1363 552 1464 592 quo-

118 612 198 651 que
237 597 435 639 ciuitates
480 596 611 637 habet
656 597 768 637 inter
810 596 967 651 oppida
1012 596 1221 651 quaedam
1264 597 1462 651 ingentes

116 655 318 697 Bostram
356 659 398 696 et
436 655 641 696 Gerasam
684 658 812 708 atque
851 654 1199 709 Philadelphiam
1243 669 1488 697 murorum.

114 714 321 755 firmitate
342 714 625 755 cautissimas.
672 713 782 754 hanc
803 714 1050 767 prouinciae
1082 714 1270 767 inposito
1290 714 1463 755 nomine
1482 725 1524 754 ια

115 775 365 827 rectoreque
397 772 615 814 adtributo
649 772 946 826 obtemperare
979 772 1149 826 legibus
1180 772 1340 814 nostris
1362 771 1464 813 Tra-

116 831 238 873 ianus
272 831 465 885 conpulit
496 831 732 884 imperator
763 830 1002 872 incolarum
1033 834 1200 872 tumore
1221 845 1349 885 saepe
1369 845 1464 872 con—

114 894 242 932 tunso
276 905 370 931 cum
403 890 593 944 glorioso
626 891 763 931 marte
783 888 970 930 Mediam
1002 892 1177 944 urgeret
1202 892 1245 930 et
1263 888 1464 930 Parthos.

238 950 302 990 14.
347 948 535 1002 Cyprum
572 948 722 989 itidem
759 948 946 989 insulam
983 948 1131 1002 procul
1165 963 1189 989 a
1226 947 1464 989 continenti

114 1006 344 1048 discretam
377 1010 420 1048 et
456 1011 707 1060 portuosam
745 1007 857 1047 inter
888 1007 1122 1060 municipia
1153 1007 1303 1048 crebra
1334 1006 1461 1047 urbes
1482 1018 1518 1044 15
1552 1044 1559 1051 .

114 1065 222 1106 duae
259 1065 423 1107 faciunt
461 1065 622 1106 claram
655 1064 839 1106 Salamis
872 1068 915 1106 et
945 1064 1137 1119 Paphus,
1176 1065 1313 1106 altera
1343 1064 1462 1106 Iouis
1557 1100 1570 1118 4

114 1123 304 1165 delubris
337 1124 475 1165 altera
506 1123 687 1165 Veneris
719 1123 882 1176 templo
914 1123 1109 1177 insignis.
1162 1126 1285 1165 tanta
1318 1125 1462 1165 autem
1555 1125 1569 1165 ’ἶ

113 1195 288 1236 tamque
327 1182 559 1236 multiplici
597 1181 826 1223 fertilitate
866 1181 1055 1224 abundat
1091 1197 1235 1223 rerum
1271 1181 1462 1223 omnium

114 1240 263 1282 eadem
295 1238 461 1295 Cyprus
500 1244 548 1282 ut
584 1240 744 1281 nullius
778 1240 941 1282 externi
979 1240 1175 1295 indigens
1214 1239 1461 1282 adminiculi

114 1299 328 1353 indigenis
368 1299 533 1340 uiribus
578 1315 602 1340 a
639 1299 918 1340 fundamento
963 1300 1056 1353 ipso
1096 1299 1267 1340 carinae
1305 1299 1358 1340 ad
1396 1313 1462 1341 su·
1481 1312 1516 1339 20

114 1372 286 1411 premos
331 1372 465 1412 usque
516 1357 718 1399 carbasos
771 1357 965 1399 aedificet
1015 1358 1258 1399 onerariam
1306 1371 1462 1399 nauem

115 1416 396 1471 omnibusque
435 1416 713 1458 armamentis
759 1416 1014 1457 instructam
1053 1416 1162 1457 mari
1207 1416 1462 1458 committat.
1551 1435 1568 1472 2

119 1475 182 1516 15.
213 1489 289 1516 nec
316 1474 438 1529 piget
457 1475 595 1516 dicere
617 1474 740 1515 auide
760 1475 900 1528 magis
920 1474 1028 1516 hanc
1050 1474 1235 1516 insulam
1255 1474 1462 1528 populum
1559 1475 1568 1526 ἶ,

113 1532 356 1574 Romanum
389 1533 598 1574 inuasisse
633 1547 760 1587 quam
793 1533 915 1574 iuste.
953 1532 1206 1575 Ptolomaeo
1228 1533 1342 1574 enim
1360 1546 1462 1587 rege

114 1591 333 1633 foederato
371 1592 496 1633 nobis
535 1594 578 1632 et
617 1592 731 1632 socio
771 1591 826 1632 ob
866 1592 1021 1633 aerarii
1057 1592 1196 1633 nostri
1235 1591 1460 1646 angustias
1481 1605 1515 1631 25
1572 1624 1573 1632 ,

114 1649 231 1691 iusso
265 1650 355 1692 sine
388 1650 477 1692 ulla
511 1650 634 1703 culpa
667 1650 879 1703 proscribi
912 1650 1089 1704 ideoque
1109 1650 1264 1692 hausto
1297 1664 1461 1692 ueneno
1572 1684 1573 1708 χ

113 1708 360 1750 uoluntaria
391 1711 529 1750 morte
549 1708 690 1750 deleto
723 1711 765 1749 et
797 1708 1027 1750 tributaria
1061 1710 1175 1750 facta
1195 1711 1261 1750 est
1280 1711 1322 1750 et
1342 1708 1462 1750 uelut
1572 1734 1573 1751 1

114 1765 295 1808 hostiles
335 1767 424 1808 eius
470 1768 648 1808 exuuiae
687 1767 815 1808 classi
862 1767 1075 1821 inpositae
1119 1768 1164 1808 in
1203 1767 1353 1808 urbem
1392 1767 1461 1809 ad—
1571 1780 1573 1824 3

114 1828 262 1867 uectae
301 1829 399 1866 sinit
442 1840 519 1880 per
556 1824 776 1867 Catonem.
838 1840 948 1867 nunc
989 1828 1207 1880 repetetur
1243 1825 1346 1867 ordo
1391 1838 1460 1880 ge·
1563 1836 1566 1837 ’

115 1888 290 1925 storum.
1476 1897 1513 1924 so

233 1942 276 1984 9.
311 1944 343 1984 1.
376 1942 495 1984 Inter
520 1942 599 1983 has
626 1942 845 1984 ruinarum
865 1943 1099 1984 uarietates
1120 1958 1145 1984 a
1164 1941 1309 1984 Nisibi
1330 1957 1458 1997 quam

114 2000 316 2042 tuebatur
336 2001 497 2042 accitus
527 2001 750 2055 Vrsicinus,
776 2001 842 2042 cui
861 2015 940 2042 nos
962 2001 1240 2042 obsecuturos
1261 2001 1459 2043 iunxerat

206 2113 221 2142 1
249 2109 398 2159 domitis
425 2111 463 2143 et
486 2111 590 2160 qua
616 2109 1037 2160 domitisquessegiones
1063 2110 1101 2144 et
1129 2109 1161 2143 V
1249 2109 1458 2159 prouincia-

113 2164 195 2186 rum
227 2164 389 2197 spccicm
423 2155 556 2188 rectori
588 2155 655 2198 hya
686 2165 898 2198 prouincias
929 2165 1066 2189 reciem
1098 2156 1178 2195 (om.
1203 2154 1352 2195 rectori)
1389 2154 1459 2189 VP

633 2206 648 2223 a

111 2235 132 2265 2
157 2231 254 2265 auris
285 2231 315 2265 V
407 2232 457 2266 *3
483 2235 651 2276 consertu
682 2232 715 2265 V
804 2237 821 2267 7
847 2233 975 2267 cautes
998 2231 1194 2267 Remesias
1275 2235 1316 2266 14
1340 2231 1455 2266 conti-

110 2276 215 2310 nenti
242 2275 440 2310 discretam
469 2276 501 2310 G
527 2276 760 2311 continendis
784 2284 938 2321 queram
968 2276 1000 2311 V
1090 2280 1130 2311 17
1156 2277 1282 2311 autem
1306 2275 1337 2311 G
1363 2279 1396 2311 et
1426 2274 1459 2310 V

112 2321 336 2379 (compendio
360 2322 442 2364 scr.)
535 2322 602 2355 ’28
622 2325 703 2365 post
729 2321 929 2365 inpositae:
961 2321 1040 2366 (lin.
1064 2321 1208 2366 induet)
1233 2320 1396 2366 inposita
1423 2319 1458 2355 V

111 2369 154 2400 32
180 2364 368 2399 Lrsicinus
393 2365 479 2402 adel.
511 2365 677 2401 Valesius
701 2376 766 2400 om.
792 2366 897 2403 codd.

1559 2312 1563 2333 ,,
1557 2211 1564 2302 μιμή-
1559 2171 1565 2202 ἦ..
1557 1994 1566 2156 .„.-..·—..1-=.
