1573 2508
167 171 336 223 blande,
368 182 583 224 genasque
609 168 699 209 eius
731 167 950 209 inritatius
980 167 1202 210 titillando
1233 167 1429 222 peruenit
1461 166 1515 210 ad
1568 195 1573 216 ,-

168 244 301 284 usque
333 229 474 282 ipsam
494 226 697 268 uiciniam
730 226 931 281 gutturis.
993 226 1104 281 quod
1123 226 1285 269 factum
1306 228 1515 268 contuens
1564 245 1571 264 ε

169 287 383 342 enhydrus
415 286 710 327 ichneumonis
731 298 864 340 genus
885 284 971 326 oris
993 285 1156 326 aditum
1187 288 1386 340 penetrat
1410 285 1515 328 alite

168 346 344 401 praeuia
381 345 646 399 patefactum
685 347 729 385 et
772 343 978 398 populato
1010 347 1173 398 uentre,
1216 344 1424 386 uitalibus
1455 343 1516 386 di-

169 404 397 446 lancinatis
430 403 628 458 erumpit.
690 403 757 444 20.
790 402 926 444 audax
958 405 1103 444 tamen
1128 402 1366 444 crocodilus
1398 417 1517 446 mon·
1536 414 1555 443 5

170 468 306 505 strum
338 462 583 517 fugacibus3
616 462 689 503 ubi
716 461 918 502 audacem
952 462 1150 515 senserit,
1181 460 1517 517 timidissimum,

170 526 212 563 et
250 523 295 563 in
331 524 451 563 terra
483 521 648 562 acutius
681 534 869 573 cernens,
906 534 981 574 per
1013 522 1219 574 quattuor
1249 534 1418 562 menses
1455 519 1519 562 hi·
1559 563 1565 570 .

169 582 325 622 bernos
358 580 478 621 nullo
510 580 627 621 uesci
659 579 815 620 dicitur
849 578 956 620 cibo.

289 640 357 680 21.
388 638 702 692 Hippopotami
735 652 903 692 quoque
936 641 1195 692 generantur
1221 638 1267 679 in
1303 636 1392 678 illis
1424 651 1519 691 par-
1564 668 1570 671 »

169 699 286 739 tibus
318 698 433 738 ultra
465 697 671 738 animalia
709 699 860 738 cuncta
897 696 1063 737 ratione
1106 697 1296 738 carentia
1334 695 1519 750 sagacis·
1538 708 1573 736 ιο

171 757 280 810 simi,
313 756 365 797 ad
399 756 583 810 speciem
604 769 810 810 equoriun
842 754 995 796 bifidas
1027 754 1212 797 habentes
1231 755 1407 808 ungulas
1426 768 1519 796 cau-

170 815 329 869 dasque
368 815 534 869 breues,
579 828 759 869 quorum
798 813 1018 855 sollertiae
1051 814 1133 855 duo
1172 813 1348 855 interim
1379 815 1520 854 osten-

171 874 270 915 dere
303 873 558 915 documenta
591 873 786 914 sufficiet.
837 872 905 913 22.
925 872 1039 913 inter
1060 872 1286 914 armidines
1307 872 1443 914 celsas
1476 875 1521 914 et

172 933 420 987 squalentes
451 932 585 973 nimia
616 932 829 972 densitate
862 930 966 972 haec
997 931 1124 972 belua
1157 931 1369 972 cubilibus
1408 930 1522 985 posi·
1565 945 1570 950 ¹

169 992 246 1045 tis,
290 992 427 1032 otium
469 991 673 1045 peruigili
715 990 855 1031 studio
901 990 1247 1044 circumspectat,
1290 989 1520 1044 laxataque
1540 1000 1573 1030 ιι

171 1049 295 1103 copia
327 1049 379 1090 ad
411 1052 580 1103 segetes
613 1049 898 1103 depascendas
931 1049 1160 1102 egreditur.
1223 1062 1401 1102 cumque
1434 1048 1522 1090 iam

171 1108 362 1162 coeperit
405 1108 544 1149 redire
589 1108 796 1160 distenta,
842 1107 1006 1148 auersis
1050 1107 1248 1161 uestigiis
1292 1106 1523 1162 distinguit

170 1167 370 1208 tramites
403 1166 576 1220 multos,
606 1166 804 1208 nennius
830 1165 949 1219 plani
981 1166 1150 1207 itineris
1183 1166 1318 1207 lineas
1350 1166 1523 1208 insidia-

171 1231 288 1267 tores
345 1226 480 1267 secuti
536 1229 754 1279 repertum
812 1225 902 1265 sine
952 1224 1207 1266 difficultate
1263 1224 1522 1267 confodiant.

171 1284 239 1325 523.
281 1284 385 1325 item
424 1299 519 1325 cum
559 1284 765 1326 auiditate
804 1283 939 1324 nimia
977 1284 1229 1326 extuberato
1268 1286 1417 1325 uentre
1460 1283 1573 1338 pi-su

171 1343 344 1397 grescit,
377 1357 504 1396 super
533 1343 720 1384 calamos
753 1356 899 1383 recens
933 1345 1124 1384 exsectos
1157 1342 1322 1384 femora
1353 1341 1523 1384 conuol-
1572 1386 1573 1391 ,

172 1401 235 1442 uit
267 1405 309 1442 et
342 1416 476 1455 crura,
517 1405 565 1442 ut
606 1401 785 1456 pedibus
820 1400 1057 1442 uulneratis
1090 1415 1214 1442 cruor
1247 1403 1419 1456 egestus
1459 1415 1522 1443 sa·
1548 1408 1573 1462 .}

172 1460 274 1514 gina
306 1459 541 1501 distentum
579 1460 711 1502 faciat
742 1460 902 1501 leuem:
939 1462 982 1500 et
1013 1462 1159 1514 partes
1192 1460 1358 1501 saucias
1391 1473 1521 1502 caeno
1551 1485 1559 1497 ε

171 1518 330 1559 oblinit
380 1533 508 1573 quam
557 1519 629 1560 diu
679 1519 722 1559 in
773 1518 992 1559 cicatrices
1043 1518 1301 1560 conueniant
1355 1518 1522 1573 plagae.
1546 1510 1570 1568 ,3

171 1577 239 1617 24.
272 1576 349 1618 has
371 1580 666 1619 monstruosas
689 1577 869 1618 antehac
901 1577 1104 1618 raritates
1137 1577 1182 1618 in
1213 1577 1353 1618 beluis
1380 1577 1425 1618 in
1457 1591 1522 1619 ae·
1550 1574 1557 1581 k

171 1635 343 1677 dilitate
365 1634 513 1677 Scauri
545 1636 653 1677 uidit
674 1635 893 1677 Romanus
925 1635 1108 1689 populus
1140 1636 1353 1690 primituS‚
1385 1635 1522 1690 patris

173 1693 291 1735 illius
326 1693 487 1748 Scauri,
522 1710 647 1749 quem
686 1694 915 1735 defendens
949 1693 1119 1735 Tullius
1145 1695 1331 1748 imperat
1363 1693 1522 1748 Sardis,

170 1756 217 1794 ut
249 1752 300 1793 de
334 1753 500 1794 familia
531 1753 668 1794 nobili
707 1753 790 1807 ipsi
823 1766 990 1807 quoque
1024 1767 1118 1795 cum
1153 1753 1271 1794 orbis
1309 1755 1522 1795 terrarum
1547 1783 1566 1810 ,ἰ

171 1811 429 1852 auctoritate
463 1812 685 1865 sentirent,
712 1815 753 1852 et
774 1826 849 1866 per
873 1814 1036 1852 aetates
1059 1811 1208 1853 exinde
1229 1812 1373 1866 plures
1395 1826 1521 1866 saepe
1550 1817 1555 1822 “

171 1869 252 1910 huc
284 1869 401 1911 ducti
433 1885 545 1911 nunc
590 1871 773 1912 inueniri
805 1884 1017 1924 nusquam
1055 1873 1247 1924 posstmt,
1290 1874 1338 1912 ut
1381 1870 1519 1912 conie—

171 1931 337 1969 ctantes
376 1929 601 1982 regionum
641 1929 806 1970 incolae
847 1929 1004 1983 dimmt,
1043 1929 1295 1971 insectantis
1328 1928 1520 1971 multitu-

172 1987 282 2027 dinis
316 1987 457 2028 taedio
492 1988 542 2029 ad
576 1988 823 2042 Blemmyas
857 1988 1068 2042 migrasse
1101 1987 1309 2042 conpulsi.

167 77 252 120 300
657 72 759 108 xxn
788 77 840 117 15,
864 77 1000 112 20-30

261 2088 280 2117 3
307 2084 494 2127 euhydrus
518 2085 673 2119 Salmas.
699 2096 750 2120 eat.
776 2085 879 2120 Plin.
901 2095 940 2128 p.
964 2084 1069 2119 44613
1093 2084 1235 2128 hydrus
1266 2084 1333 2120 VP
1370 2084 1522 2119 hicheu·

171 2127 290 2161 monis
322 2128 387 2163 VJ’
435 2134 454 2162 9
479 2130 705 2173 generantur
728 2139 795 2164 om.
821 2129 840 2163 b
889 2133 926 2163 11
953 2129 1086 2163 bifidos
1107 2129 1175 2164 VP
1222 2129 1431 2165 *habentes
1454 2140 1522 2163 un-

170 2172 277 2216 gulas
294 2182 359 2206 om.
383 2173 494 2217 VPng
518 2174 675 2218 ungulas
694 2175 773 2219 [Iac.
790 2177 813 2209 9
835 2175 920 2219 litt]
939 2174 973 2208 A
1003 2173 1108 2208 bifidi
1127 2173 1329 2219 caudisque
1353 2173 1521 2209 Valesius

173 2221 214 2250 12
239 2216 389 2251 interim
414 2217 517 2252 VAP
541 2228 606 2255 om.
625 2220 668 2263 by
726 2224 766 2253 21
795 2218 936 2253 calamo
954 2229 1122 2253 crescens
1143 2218 1211 2253 VP
1272 2222 1314 2253 22
1339 2228 1426 2253 rura
1453 2217 1522 2253 VP

171 2261 302 2306 sagina
325 2261 530 2296 distentum
551 2265 582 2297 G
610 2263 646 2296 in
672 2263 881 2308 adestem[n
900 2264 935 2298 P
952 2264 1030 2298 tum
1054 2263 1121 2298 VP
1175 2267 1217 2297 23
1242 2265 1367 2308 partes
1386 2262 1522 2307 scripsi

197 2317 277 2341 ares
296 2306 364 2340 VP
388 2317 517 2340 carnes
533 2307 601 2351 baa
654 2312 696 2342 25
714 2308 867 2343 raritate
888 2308 921 2342 V
941 2311 955 2328 ²
1013 2311 1054 2343 27
1076 2307 1201 2343 Cicero
1220 2318 1290 2358 pro
1307 2309 1446 2343 Scawro
1463 2306 1519 2343 ed.

210 2351 341 2396 erbury
357 2351 396 2385 X
410 2353 651 2395 p.31¹13(0m.
673 2353 800 2395 Orelli)
864 2357 903 2387 31
931 2352 1149 2387 insectantis
1168 2353 1200 2387 G
1226 2353 1386 2388 insectas
1406 2351 1522 2389 VPba

1526 2477 1551 2508 ῥ’,
