1614 2549
12 96 38 117 s
317 108 653 146 CONSTANTIVS
678 109 738 143 ET
762 109 994 145 IVLIANVS
1019 115 1085 147 35ss
1330 113 1384 155 75

32 218 158 246 senex
196 203 250 244 ad
287 203 554 257 procinctum
592 203 760 244 ducitur
798 206 842 245 et
872 204 1042 246 adultus
1080 205 1180 259 gelu
1219 205 1381 247 duratis

32 262 205 304 artubus
239 264 282 302 et
312 261 459 302 labore
493 262 669 304 adsiduo
702 263 839 304 multa
871 265 1191 317 contempturus
1225 266 1267 305 et
1299 264 1382 305 for-

30 320 239 362 midanda.
299 334 376 360 nec
410 334 556 361 eorum
589 321 817 375 aliquando
852 322 1078 376 quisquam
1110 325 1157 364 ut
1188 323 1234 363 in
1253 322 1379 364 Italia

30 394 181 421 munus
213 378 417 420 Martium
454 379 758 432 pertimescens
796 380 999 433 pollicem
1039 381 1123 422 sibi
1160 381 1382 435 praecidit,

0 446 12 523 Γ
33 452 136 493 quos
169 437 368 478 localiter
389 452 557 479 murcos
579 438 812 491 appellant.
856 439 895 479 4.
916 439 1007 479 111111
1028 440 1201 481 auidum
1233 453 1382 494 genus,

28 496 244 538 adfectans
284 496 337 537 ad
373 496 464 537 uini
503 496 831 537 similitudinem
869 498 1131 551 multiplices
1170 502 1296 551 potus
1339 502 1382 540 et

26 555 139 596 inter
171 569 242 596 eos
281 555 464 596 humiles
499 555 671 609 quidam
703 556 898 596 obtunsis
933 556 1140 597 ebrietate
1180 557 1382 598 continua

26 614 233 666 sensibus,
273 628 400 668 quam
437 614 595 654 furoris
634 614 925 655 uoluntariam
957 615 1142 668 speciem
1180 630 1271 656 esse
1305 614 1381 656 Ca-

0 677 2 691 *
26 673 201 714 toniana
233 673 445 713 sententia
465 672 670 725 defininit,
702 675 928 726 raptantur
948 674 1210 715 discursibus
1243 674 1380 728 uagis,

0 729 74 783 μή
102 745 250 772 uerum
281 731 389 772 illud
421 731 617 772 uideatur
650 731 762 785 quod
802 731 862 772 ait
894 732 1121 773 defendens
1153 732 1381 773 Fonteium

26 789 194 831 Tullius
227 789 388 831 ‘Gallos
430 793 530 843 post
561 789 664 831 haec
698 790 875 831 dilutius
917 805 1007 832 esse
1048 794 1223 844 poturos
1269 791 1381 845 quod

0 848 93 890 'illi
122 863 332 889 uenenum
365 863 455 889 esse
489 847 840 889 arbitrabantur'.

143 908 182 948 ἴ).
213 906 307 948 Hae
338 907 550 961 regiones,
582 908 808 960 praecipue
842 922 949 961 quae
983 907 1169 948 confines
1202 907 1380 960 Italicis,

25 965 236 1021 paulatim
267 966 354 1006 leui
387 966 540 1007 sudore
573 966 650 1006 sub
690 966 919 1019 imperium
950 981 1104 1007 uenere
1137 965 1381 1007 Romanum

0 1046 7 1057 ·
25 1025 164 1079 primo
196 1027 431 1078 temptatae
470 1039 546 1078 per
578 1024 791 1077 Fuluium,
830 1024 980 1065 deinde
1018 1025 1196 1078 proeliis
1234 1026 1379 1078 paruis

27 1086 253 1138 quassatae
285 1098 360 1137 per
382 1082 587 1134 Sextium,
621 1083 673 1124 ad
705 1083 906 1124 ultimum
937 1098 1013 1137 per
1045 1083 1226 1124 Fabium
1246 1083 1381 1124 Maxi-

24 1157 142 1184 mum
180 1142 379 1183 domitae.
447 1142 513 1182 cui
551 1142 715 1195 negotii
760 1142 911 1195 plenus
952 1142 1125 1183 effectus
1165 1142 1380 1195 asperiore

24 1200 315 1255 Allobrogum
354 1204 481 1255 gente
521 1200 687 1241 deuicta
725 1201 805 1242 hoc
844 1201 1000 1242 indidit
1038 1203 1380 1254 cognomentum.

25 1261 65 1301 6.
84 1274 185 1301 nam
217 1274 364 1300 omnes
394 1259 573 1311 Gallias,
605 1259 689 1299 nisi
723 1274 804 1313 qua
836 1259 1065 1313 paludibus
1087 1259 1229 1300 inuiae
1249 1260 1380 1311 fuere,

0 1322 71 1360 ναΐ
90 1318 296 1360 Sallustio
329 1318 502 1359 docetur
535 1320 721 1370 auctore,
752 1322 851 1371 post
878 1318 1121 1359 decennalis
1154 1318 1260 1358 belli
1293 1332 1381 1359 mu-

24 1379 119 1418 tuas
153 1377 292 1418 clades
325 1376 517 1429 Sulpicio,
548 1377 748 1417 Marcello
779 1390 873 1418 coss.
895 1376 1048 1418 Caesar
1080 1376 1276 1417 societati
1308 1391 1381 1417 no-

24 1439 138 1478 strae
169 1435 412 1477 foederibus
444 1435 582 1475 iunxit
615 1435 813 1476 aeternis.
876 1438 1046 1476 euectus
1080 1450 1174 1476 sum
1206 1435 1378 1489 longius

25 1495 98 1536 sed
128 1495 327 1535 remeabo
360 1494 534 1534 tandem
567 1494 619 1535 ad
653 1497 815 1547 coepta.

145 1551 218 1595 13.
243 1555 279 1595 1.
293 1552 542 1594 Domitiano
559 1552 719 1593 crudeli
739 1556 877 1594 morte
893 1556 1146 1606 consumpto
1165 1552 1381 1593 Musonia-

23 1626 102 1653 nus
124 1612 212 1653 eius
234 1626 426 1653 sucessor
446 1611 654 1652 orientem
685 1612 948 1665 praetoriani
967 1611 1147 1665 regebat
1165 1613 1380 1664 potestate

23 1670 246 1725 praefecti,
289 1669 489 1711 facundia
527 1670 736 1711 sermonis
774 1670 998 1724 utriusque
1038 1670 1190 1711 clarus.
1269 1669 1380 1710 mide

24 1729 250 1770 sublimius
273 1743 400 1783 quam
421 1729 675 1782 sperabatur
696 1729 841 1770 eluxit.
887 1729 924 1769 52.
941 1727 1250 1770 Constantinus
1267 1729 1381 1769 enim

24 1802 120 1830 cum
133 1788 324 1829 limatius
340 1787 693 1841 superstitionum
708 1790 931 1842 quaereret
946 1790 1096 1840 sectas,
1110 1786 1381 1828 Manichaeo-

22 1862 118 1888 rum
162 1850 205 1888 et
248 1846 473 1899 similium,
516 1860 594 1887 nec
632 1846 842 1900 interpres
888 1846 1153 1887 inueniretur
1191 1845 1379 1897 idoneus,

0 1905 138 1947 -hunc
169 1906 254 1947 sibi
286 1905 631 1947 commendatum
662 1908 710 1946 ut
748 1905 1033 1946 sufficientem
1065 1904 1214 1957 elegit:
1255 1918 1382 1957 quem

24 1964 168 2006 officio
188 1964 381 2006 functum
402 1964 537 2018 perite
557 1963 858 2005 Musonianum
879 1964 1018 2004 uoluit
1039 1962 1260 2016 appellari,
1283 1965 1380 2002 ante

115 2130 136 2161 5
160 2125 330 2161 iocaliter
353 2126 421 2170 bya
483 2128 503 2159 8
534 2136 570 2169 p.
599 2129 680 2167 110,
715 2128 758 2158 24
784 2125 839 2160 ecl
865 2124 1030 2158 Jordam
1079 2127 1120 2157 10
1144 2123 1321 2157 fontei-im
1351 2122 1384 2155 V

23 2170 164 2205 fonteri
187 2171 223 2205 P
290 2174 332 2204 14
355 2169 432 2204 leui
457 2171 592 2204 sudore
619 2173 650 2204 et
673 2152 808 2204 ’deinde
832 2179 970 2203 uenere
996 2168 1198 2203 Lindenbr.
1226 2167 1273 2209 cf.
1299 2168 1381 2202 Sal-

21 2226 112 2251 mas.
140 2226 194 2250 ex
219 2215 321 2249 Plz'n.
348 2225 392 2258 p.
422 2218 464 2248 36
490 2215 526 2249 Β
556 2214 659 2258 1911κ
636 2215 707 2258 <>3
684 2216 772 2258 >**
804 2213 1030 2292 [139ὲο11019
1068 2212 1103 2246 V
1123 2213 1243 2246 leuius
1268 2212 1380 2246 odere

23 2260 106 2305 Pya
178 2264 220 2294 14
242 2261 371 2294 uenire
402 2259 539 2304 Vqua
610 2263 651 2293 19
676 2259 813 2303 galliae
845 2258 878 2291 V
982 2262 1024 2292 9Ο
1048 2258 1091 2291 ut
1118 2257 1151 2291 G
1179 2268 1245 2291 om.
1273 2257 1378 2291 codd

23 2308 65 2339 21
88 2304 262 2349 Sulpicio,
281 2303 459 2338 Marcello
487 2315 577 2339 coss.
603 2289 738 2339 Caesar
762 2304 932 2338 societati
955 2303 1115 2346 scripse
1106 2302 1197 2336 coll.
1223 2301 1383 2336 Sallustz

20 2349 72 2392 fr.
96 2350 113 2383 Ι
137 2353 158 2384 8
191 2349 245 2384 ed.
273 2349 339 2391 D)
371 2349 438 2383 sub
467 2350 550 2393 [lac.
583 2353 624 2383 12
650 2349 733 2393 litt]
760 2348 1005 2392 societatique
1032 2346 1099 2381 VP
1125 2347 1214 2390 [lac.
1242 2352 1261 2381 5
1287 2345 1380 2390 litt.]

23 2394 273 2438 societatique
308 2393 342 2428 G
367 2393 519 2439 subegit
549 2393 685 2429 Caesar
715 2393 960 2436 societatique
994 2391 1197 2426 Lindenbo.

21 2546 25 2549 .
69 2530 73 2549 1
