1573 2508
131 67 209 109 ιρις
661 60 762 96 XVII
789 64 819 102 7,
846 63 957 94 n-u

128 176 214 203 non
246 160 355 202 nulli
387 159 499 200 enim
533 154 877 210 superruentium
910 153 1108 195 ruderum
1141 151 1184 193 ui
1215 151 1350 192 nimia
1381 165 1476 193 con-

130 220 279 274 stipati
317 219 395 260 sub
433 217 539 270 ipsis
578 214 778 256 interiere
815 211 1085 266 ponderibus.
1152 209 1326 264 quidam
1363 209 1477 252 collo

129 283 253 320 tenus
293 275 524 330 aggeribus
562 272 705 315 obruti
743 286 838 313 cum
883 284 1103 324 superesse
1145 271 1322 322 possent
1365 267 1478 323 siqui

130 337 351 388 iuuissent,
383 333 640 375 auxiliorum
667 330 812 384 inopia.
831 329 1106 370 necabantur.
1152 327 1227 368 alii
1259 327 1479 382 lignorum

130 396 369 437 extantium
389 392 656 434 acuminibus
676 389 749 430 fixi
783 388 1036 442 pendebant.
1080 387 1118 427 6.
1133 400 1216 427 uno
1245 386 1332 427 ictu
1365 385 1478 427 eaesi

131 454 370 508 conplures,
401 451 529 505 paulo
551 455 650 492 ante
671 449 878 494 homines,
899 451 999 487 tunc
1020 444 1288 499 promiscuae
1309 447 1478 499 strages

131 513 384 554 cadauerum
417 510 709 551 cernebantur.
771 505 978 560 quosdam
1010 504 1233 545 domorum
1272 502 1481 544 inclinata

131 571 307 626 fastigia
340 569 596 612 intrinsecus
629 567 831 608 serabant
862 565 1060 615 intactos,
1087 575 1244 613 angore
1265 564 1308 602 et
1339 561 1481 602 inedia

131 629 451 672 consumendos.
513 628 626 668 inter
663 640 768 679 quos
802 623 1102 665 Aristaenetus
1142 621 1386 661 affectatam
1419 634 1480 660 re-

132 704 230 731 cens
268 687 510 729 dioecensin
549 699 702 726 curans
741 682 903 724 uicaria
941 684 1169 734 potestate,
1207 693 1334 732 quam
1373 678 1479 720 Con—

133 748 318 789 stantius
351 747 401 786 ad
435 745 640 785 honorem
674 742 817 787 uxoris
838 740 1049 782 Eusebiae
1082 739 1294 780 Pietatem
1327 749 1480 792 cogno—

135 807 330 857 minarat,
363 805 550 845 animam
583 802 660 843 hoc
695 815 795 842 casu
815 799 1047 840 cruciatam
1069 797 1228 838 diutius
1250 796 1480 837 exhalauit.

134 867 169 906 7.
203 865 278 905 alii
311 863 454 904 subita
472 863 618 903 ruinae
639 858 931 913 magnitudine
953 856 1159 910 oppressi,
1191 855 1323 896 isdem
1345 853 1482 896 adhuc

134 923 319 965 molibus
359 925 656 974 conteguntur.
724 917 898 959 conlisis
944 915 1115 970 quidum
1155 913 1367 967 capitibus
1412 912 1480 953 uel

134 982 291 1023 umeris
330 979 562 1035 praesectis
602 982 673 1019 aut
713 976 905 1017 cruribus
942 975 1052 1015 inter
1090 973 1204 1014 uitae
1243 971 1479 1025 mortisque

133 1041 317 1082 confinia
349 1039 533 1080 aliorum
566 1037 812 1078 adiumenta
850 1034 971 1087 paria
1007 1031 1313 1086 perferentium
1345 1029 1480 1084 inplo-

135 1102 277 1140 rantes
318 1113 411 1139 cum
451 1095 739 1137 obtestatione
784 1106 939 1146 magna
985 1090 1300 1132 deserebantur.
1362 1089 1399 1130 8.
1439 1093 1482 1129 et

135 1171 354 1212 superesse
392 1156 533 1210 potuit
573 1154 738 1194 aedium
779 1166 996 1192 sacrarum
1030 1155 1071 1190 et
1109 1149 1376 1203 priuatarum
1409 1147 1482 1188 ho-

136 1218 380 1270 minumque
414 1230 512 1268 pars
535 1213 681 1265 maior,
715 1211 755 1251 ui
790 1211 984 1264 palantes
1006 1209 1184 1261 abrupte
1211 1206 1482 1247 flammarum

134 1276 306 1316 ardores
344 1289 420 1327 per
453 1273 636 1327 quinque
671 1271 759 1311 dies
793 1273 835 1310 et
872 1272 1018 1309 noctes
1052 1265 1251 1321 quicquid
1290 1263 1483 1306 consumi
1501 1274 1537 1299 20

135 1338 305 1388 poterat
338 1333 611 1373 exussissent.

253 1395 290 1432 S).
324 1392 485 1432 Adesse
518 1394 685 1443 tempus
720 1387 918 1428 existimo
952 1400 1082 1439 pauca
1117 1383 1268 1428 dicere,
1301 1397 1406 1435 quae
1433 1381 1484 1422 de

135 1455 273 1492 terrae
317 1449 512 1504 pulsibus
558 1449 802 1489 coniectura
851 1449 1016 1486 ueteres
1068 1443 1356 1495 conlegerunt.
1431 1439 1483 1480 ad

135 1510 268 1563 ipsius
309 1509 420 1549 enim
461 1507 657 1549 ueritatis
698 1520 852 1546 arcana
889 1518 972 1544 non
1019 1501 1143 1543 modo
1188 1500 1290 1541 llaec
1334 1503 1484 1540 nostra

137 1569 329 1621 uulgaris
369 1567 557 1610 inscitia.
597 1565 669 1606 sed
701 1580 752 1605 ne
792 1563 1051 1615 sempiterna
1084 1559 1254 1614 quidem
1292 1557 1484 1599 lucubra-
1503 1568 1537 1592 25

134 1627 325 1668 tionibus
365 1627 506 1677 longis
546 1624 730 1665 nondum
777 1622 981 1663 exhausta
1026 1619 1300 1673 physicorum
1345 1616 1486 1670 iurgia

134 1688 424 1739 penetrarunt.
464 1687 524 1725 lo.
541 1683 648 1724 unde
664 1686 705 1722 et
722 1682 765 1722 in
780 1680 1008 1721 ritualibus
1024 1682 1066 1719 et
1078 1676 1309 1731 pontificiis
1323 1675 1485 1716 obtem-

135 1744 386 1798 perantibus
428 1741 676 1783 sacerdotiis
717 1744 907 1790 cauetur,
952 1754 1001 1777 ne
1042 1737 1127 1777 alio
1166 1736 1243 1775 deo
1280 1748 1358 1788 pro
1398 1733 1483 1774 alio

136 1802 369 1846 nominato,
403 1817 509 1854 cum,
543 1801 614 1854 qui
636 1814 780 1840 eorum
814 1803 974 1838 terram
1009 1794 1224 1836 concutiat
1257 1793 1314 1833 sit
1346 1792 1389 1833 in
1415 1792 1485 1832 ab·

138 1865 290 1907 struso,
311 1860 481 1914 piacula
502 1858 838 1900 committmitiu:
877 1858 889 1895 l
907 1858 940 1896 1.
955 1855 1152 1896 accidunt
1166 1856 1321 1903 autem,
1336 1853 1383 1892 ut
1397 1850 1484 1903 opi·
1504 1860 1538 1886 30

136 1920 284 1961 niones
329 1920 577 1969 aestimant,
622 1918 732 1957 inter
777 1931 882 1969 quas
927 1912 1184 1954 Aristoteles
1230 1912 1397 1950 aestuat
1442 1912 1485 1950 et

138 1978 320 2022 laboral,
354 1981 425 2019 aut
459 1978 502 2018 in
523 1976 716 2018 cauernis
739 1973 914 2015 minutis
942 1977 1166 2023 terrarum,
1199 1984 1302 2023 quas
1324 1967 1484 2009 Graece

229 2125 271 2155 ‘1
306 2133 416 2165 super
454 2120 679 2154 rudientiuiu
720 2118 784 2152 1²1¹
875 2123 893 2151 4
920 2115 1102 2150 inbuisset
1142 2113 1168 2147 V
1260 2117 1278 2146 ’ἵ
1304 2112 1483 2146 uideban-

137 2169 199 2201 tur
226 2168 289 2209 τὸς]
357 2173 376 2199 ὅ
403 2165 577 2200 serubunt
603 2164 734 2207 Haupt
762 2162 936 2196 serebant
965 2160 1030 2195 VJ)
1102 2164 1140 2193 ll
1168 2157 1318 2202 pietatis
1343 2167 1386 2192 eo
1421 2155 1485 2190 VP

142 2216 179 2245 13
207 2212 333 2245 ruinae
363 2211 470 2253 uulyo
501 2222 567 2244 om.
603 2208 732 2252 Vl’hgm
827 2211 869 2241 20
900 2205 1064 2250 quinque
1096 2203 1226 2246 scripsi
1259 2200 1307 2246 (V
1341 2212 1410 2244 pro
1442 2199 1484 2242 L)

138 2256 412 2300 quinquaginta
449 2255 514 2298 by«
550 2254 575 2287 Ι,
615 2253 680 2288 ΓΡ
780 2257 820 2286 27
853 2248 1199 2294 obtemperantibus
1229 2248 1263 2281 1¹
1293 2246 1417 2280 obtem
1438 2255 1485 2279 ›c-

139 2303 266 2336 rantur
303 2299 649 2343 obtcn1p‹,·rmitibus
693 2297 723 2331 V
762 2297 981 2331 obseruatur
1021 2291 1368 2337 obtemperantibus
1415 2257 1484 2323 2²11-

138 2347 247 2381 lessus
273 2357 316 2380 ecc
342 2344 415 2379 cod.
444 2344 529 2387 stry.
625 2347 667 2378 28
693 2343 844 2377 cauetur
871 2342 902 2375 A
929 2340 1036 2375 caute
1071 2337 1156 2372 VPb
1179 2337 1329 2371 cautum
1358 2337 1388 2369 (J
