<?xml version="1.0" encoding="UTF-8"?>
<!DOCTYPE html PUBLIC "-//W3C//DTD XHTML 1.0 Transitional//EN"
    "http://www.w3.org/TR/xhtml1/DTD/xhtml1-transitional.dtd">
<html xmlns="http://www.w3.org/1999/xhtml" xml:lang="en" lang="en">
 <head>
  <title>
</title>
<meta http-equiv="Content-Type" content="text/html;charset=utf-8" />
  <meta name='ocr-system' content='tesseract 3.04.00' />
  <meta name='ocr-capabilities' content='ocr_page ocr_carea ocr_par ocr_line ocrx_word'/>
</head>
<body>
  <div class='ocr_page' id='page_1' title='image "./rerumgestarumlib01ammiuoft_0265.png"; bbox 0 0 1614 2549; ppageno 0'>
   <div class='ocr_carea' id='block_1_1' title="bbox 12 63 22 97">
    <p class='ocr_par' dir='ltr' id='par_1_1' title="bbox 12 63 22 97">
     <span class='ocr_line' id='line_1_1' title="bbox 12 63 22 85; baseline 0 0"><span class='ocrx_word' id='word_1_1' title='bbox 12 63 22 85; x_wconf 70' lang='lat'>¹3</span> 
     </span>
     <span class='ocr_line' id='line_1_2' title="bbox 12 87 16 97; baseline 0 0"><span class='ocrx_word' id='word_1_2' title='bbox 12 87 16 97; x_wconf 64' lang='grc' dir='ltr'><strong><em>ι</em></strong></span> 
     </span>
    </p>
   </div>
   <div class='ocr_carea' id='block_1_2' title="bbox 487 118 1539 161">
    <p class='ocr_par' dir='ltr' id='par_1_2' title="bbox 487 118 1539 161">
     <span class='ocr_line' id='line_1_3' title="bbox 487 118 1539 161; baseline 0.005 -6"><span class='ocrx_word' id='word_1_3' title='bbox 487 118 820 156; x_wconf 85' lang='lat' dir='ltr'>CONSTANTIVS</span> <span class='ocrx_word' id='word_1_4' title='bbox 845 119 906 154; x_wconf 88' lang='grc' dir='ltr'>ΕΤ</span> <span class='ocrx_word' id='word_1_5' title='bbox 931 119 1162 154; x_wconf 86' lang='lat' dir='ltr'>IVLIANVS</span> <span class='ocrx_word' id='word_1_6' title='bbox 1187 123 1252 154; x_wconf 87' lang='grc'>360</span> <span class='ocrx_word' id='word_1_7' title='bbox 1457 120 1539 161; x_wconf 75' lang='grc'>201</span> 
     </span>
    </p>
   </div>
   <div class='ocr_carea' id='block_1_3' title="bbox 149 208 1562 2028">
    <p class='ocr_par' dir='ltr' id='par_1_3' title="bbox 197 208 1548 445">
     <span class='ocr_line' id='line_1_4' title="bbox 197 208 1545 268; baseline -0.004 -9"><span class='ocrx_word' id='word_1_8' title='bbox 197 216 421 268; x_wconf 82' lang='lat' dir='ltr'>minuitur,</span> <span class='ocrx_word' id='word_1_9' title='bbox 459 229 585 268; x_wconf 89' lang='lat' dir='ltr'>quem</span> <span class='ocrx_word' id='word_1_10' title='bbox 621 213 818 256; x_wconf 89' lang='lat' dir='ltr'>habitum</span> <span class='ocrx_word' id='word_1_11' title='bbox 856 228 1057 255; x_wconf 85' lang='lat' dir='ltr'>uocamus</span> <span class='ocrx_word' id='word_1_12' title='bbox 1089 208 1380 267; x_wconf 80' lang='grc' dir='ltr'><em>ἀπόκρουσιν,</em></span> <span class='ocrx_word' id='word_1_13' title='bbox 1418 215 1545 267; x_wconf 91' lang='lat' dir='ltr'>atque</span> 
     </span>
     <span class='ocr_line' id='line_1_5' title="bbox 198 271 1548 327; baseline -0.004 -10"><span class='ocrx_word' id='word_1_14' title='bbox 198 275 367 317; x_wconf 87' lang='lat' dir='ltr'>easdem</span> <span class='ocrx_word' id='word_1_15' title='bbox 398 273 558 314; x_wconf 85' lang='lat' dir='ltr'>formas</span> <span class='ocrx_word' id='word_1_16' title='bbox 579 273 738 327; x_wconf 87' lang='lat' dir='ltr'>repetit</span> <span class='ocrx_word' id='word_1_17' title='bbox 757 273 1028 325; x_wconf 88' lang='lat' dir='ltr'>senescendo,</span> <span class='ocrx_word' id='word_1_18' title='bbox 1059 271 1326 326; x_wconf 67' lang='lat' dir='ltr'>traditurque</span> <span class='ocrx_word' id='word_1_19' title='bbox 1353 271 1548 313; x_wconf 84' lang='lat' dir='ltr'>doctrina</span> 
     </span>
     <span class='ocr_line' id='line_1_6' title="bbox 197 330 1547 387; baseline -0.004 -12"><span class='ocrx_word' id='word_1_20' title='bbox 197 332 429 387; x_wconf 70' lang='lat' dir='ltr'>multiplici</span> <span class='ocrx_word' id='word_1_21' title='bbox 461 334 734 386; x_wconf 80' lang='lat' dir='ltr'>congruente,</span> <span class='ocrx_word' id='word_1_22' title='bbox 765 346 851 372; x_wconf 92' lang='lat' dir='ltr'>non</span> <span class='ocrx_word' id='word_1_23' title='bbox 883 331 968 372; x_wconf 92' lang='lat' dir='ltr'>nisi</span> <span class='ocrx_word' id='word_1_24' title='bbox 999 333 1192 384; x_wconf 89' lang='lat' dir='ltr'>tempore</span> <span class='ocrx_word' id='word_1_25' title='bbox 1223 330 1547 371; x_wconf 71' lang='lat' dir='ltr'>intermenstrui</span> 
     </span>
     <span class='ocr_line' id='line_1_7' title="bbox 198 390 948 445; baseline -0.005 -11"><span class='ocrx_word' id='word_1_26' title='bbox 198 392 375 434; x_wconf 88' lang='lat' dir='ltr'>deficere</span> <span class='ocrx_word' id='word_1_27' title='bbox 407 391 546 432; x_wconf 83' lang='lat' dir='ltr'>uisam</span> <span class='ocrx_word' id='word_1_28' title='bbox 578 405 759 445; x_wconf 79' lang='lat' dir='ltr'>usquam</span> <span class='ocrx_word' id='word_1_29' title='bbox 791 390 948 431; x_wconf 85' lang='lat' dir='ltr'>lunam.</span> 
     </span>
    </p>

    <p class='ocr_par' dir='ltr' id='par_1_4' title="bbox 163 447 1551 737">
     <span class='ocr_line' id='line_1_8' title="bbox 163 447 1548 501; baseline -0.002 -10"><span class='ocrx_word' id='word_1_30' title='bbox 163 466 178 490; x_wconf 82' lang='lat'>5</span> <span class='ocrx_word' id='word_1_31' title='bbox 320 451 386 491; x_wconf 77' lang='lat'>12.</span> <span class='ocrx_word' id='word_1_32' title='bbox 419 449 539 498; x_wconf 83' lang='lat' dir='ltr'>Quod</span> <span class='ocrx_word' id='word_1_33' title='bbox 573 452 715 490; x_wconf 90' lang='lat' dir='ltr'>autem</span> <span class='ocrx_word' id='word_1_34' title='bbox 755 449 890 489; x_wconf 91' lang='lat' dir='ltr'>solem</span> <span class='ocrx_word' id='word_1_35' title='bbox 920 462 1032 489; x_wconf 91' lang='lat' dir='ltr'>nunc</span> <span class='ocrx_word' id='word_1_36' title='bbox 1063 448 1110 488; x_wconf 91' lang='lat' dir='ltr'>in</span> <span class='ocrx_word' id='word_1_37' title='bbox 1141 447 1324 501; x_wconf 87' lang='lat' dir='ltr'>aethere,</span> <span class='ocrx_word' id='word_1_38' title='bbox 1359 461 1472 488; x_wconf 89' lang='lat' dir='ltr'>nunc</span> <span class='ocrx_word' id='word_1_39' title='bbox 1502 447 1548 488; x_wconf 89' lang='lat' dir='ltr'>in</span> 
     </span>
     <span class='ocr_line' id='line_1_9' title="bbox 199 506 1551 560; baseline -0.004 -9"><span class='ocrx_word' id='word_1_40' title='bbox 199 510 356 551; x_wconf 91' lang='lat' dir='ltr'>mundo</span> <span class='ocrx_word' id='word_1_41' title='bbox 401 508 604 549; x_wconf 81' lang='lat' dir='ltr'>inferiore</span> <span class='ocrx_word' id='word_1_42' title='bbox 649 522 817 548; x_wconf 87' lang='lat' dir='ltr'>cursare</span> <span class='ocrx_word' id='word_1_43' title='bbox 864 507 1176 560; x_wconf 79' lang='lat' dir='ltr'>praediximus,</span> <span class='ocrx_word' id='word_1_44' title='bbox 1221 506 1440 547; x_wconf 90' lang='lat' dir='ltr'>sciendum</span> <span class='ocrx_word' id='word_1_45' title='bbox 1483 508 1551 546; x_wconf 88' lang='lat' dir='ltr'>est</span> 
     </span>
     <span class='ocr_line' id='line_1_10' title="bbox 200 564 1549 620; baseline -0.004 -10"><span class='ocrx_word' id='word_1_46' title='bbox 200 569 365 611; x_wconf 84' lang='lat' dir='ltr'>siderea</span> <span class='ocrx_word' id='word_1_47' title='bbox 384 581 564 620; x_wconf 87' lang='lat' dir='ltr'>corpora</span> <span class='ocrx_word' id='word_1_48' title='bbox 585 569 791 620; x_wconf 87' lang='lat' dir='ltr'>quantum</span> <span class='ocrx_word' id='word_1_49' title='bbox 812 566 864 607; x_wconf 87' lang='lat' dir='ltr'>ad</span> <span class='ocrx_word' id='word_1_50' title='bbox 884 565 1212 606; x_wconf 86' lang='lat' dir='ltr'>uniuersitatem</span> <span class='ocrx_word' id='word_1_51' title='bbox 1243 564 1440 618; x_wconf 88' lang='lat' dir='ltr'>pertinet,</span> <span class='ocrx_word' id='word_1_52' title='bbox 1470 578 1549 605; x_wconf 88' lang='lat' dir='ltr'>nec</span> 
     </span>
     <span class='ocr_line' id='line_1_11' title="bbox 201 623 1550 679; baseline -0.004 -11"><span class='ocrx_word' id='word_1_53' title='bbox 201 627 391 669; x_wconf 88' lang='lat' dir='ltr'>occidere</span> <span class='ocrx_word' id='word_1_54' title='bbox 423 640 500 666; x_wconf 91' lang='lat' dir='ltr'>nec</span> <span class='ocrx_word' id='word_1_55' title='bbox 521 624 636 679; x_wconf 88' lang='lat' dir='ltr'>oriri,</span> <span class='ocrx_word' id='word_1_56' title='bbox 668 626 742 665; x_wconf 82' lang='lat' dir='ltr'>sed</span> <span class='ocrx_word' id='word_1_57' title='bbox 773 625 836 665; x_wconf 87' lang='lat' dir='ltr'>ita</span> <span class='ocrx_word' id='word_1_58' title='bbox 866 624 1004 665; x_wconf 86' lang='lat' dir='ltr'>uideri</span> <span class='ocrx_word' id='word_1_59' title='bbox 1030 624 1190 664; x_wconf 89' lang='lat' dir='ltr'>nostris</span> <span class='ocrx_word' id='word_1_60' title='bbox 1212 623 1433 664; x_wconf 89' lang='lat' dir='ltr'>obtutibus</span> <span class='ocrx_word' id='word_1_61' title='bbox 1455 637 1550 664; x_wconf 89' lang='lat' dir='ltr'>con—</span> 
     </span>
     <span class='ocr_line' id='line_1_12' title="bbox 201 682 1550 737; baseline -0.004 -10"><span class='ocrx_word' id='word_1_62' title='bbox 201 686 364 727; x_wconf 89' lang='lat' dir='ltr'>stitutis</span> <span class='ocrx_word' id='word_1_63' title='bbox 407 684 452 725; x_wconf 89' lang='lat' dir='ltr'>in</span> <span class='ocrx_word' id='word_1_64' title='bbox 491 687 619 737; x_wconf 88' lang='lat' dir='ltr'>terra,</span> <span class='ocrx_word' id='word_1_65' title='bbox 660 684 836 737; x_wconf 88' lang='lat' dir='ltr'>spiritus</span> <span class='ocrx_word' id='word_1_66' title='bbox 879 683 1097 724; x_wconf 89' lang='lat' dir='ltr'>cuiusdam</span> <span class='ocrx_word' id='word_1_67' title='bbox 1137 682 1295 723; x_wconf 84' lang='lat' dir='ltr'>interni</span> <span class='ocrx_word' id='word_1_68' title='bbox 1333 684 1452 722; x_wconf 90' lang='lat' dir='ltr'>motu</span> <span class='ocrx_word' id='word_1_69' title='bbox 1484 697 1550 722; x_wconf 86' lang='lat' dir='ltr'>su-</span> 
     </span>
    </p>

    <p class='ocr_par' dir='ltr' id='par_1_5' title="bbox 149 740 1552 1021">
     <span class='ocr_line' id='line_1_13' title="bbox 149 740 1550 799; baseline -0.001 -17"><span class='ocrx_word' id='word_1_70' title='bbox 149 759 182 782; x_wconf 87' lang='lat'>10</span> <span class='ocrx_word' id='word_1_71' title='bbox 202 758 375 799; x_wconf 82' lang='lat' dir='ltr'>spensa:</span> <span class='ocrx_word' id='word_1_72' title='bbox 407 757 634 796; x_wconf 82' lang='lat' dir='ltr'>rerumque</span> <span class='ocrx_word' id='word_1_73' title='bbox 667 742 953 796; x_wconf 65' lang='lat' dir='ltr'>magnitudini</span> <span class='ocrx_word' id='word_1_74' title='bbox 985 742 1121 782; x_wconf 90' lang='lat' dir='ltr'>instar</span> <span class='ocrx_word' id='word_1_75' title='bbox 1154 741 1299 795; x_wconf 80' lang='lat' dir='ltr'>exigui</span> <span class='ocrx_word' id='word_1_76' title='bbox 1331 740 1550 781; x_wconf 89' lang='lat' dir='ltr'>subditum</span> 
     </span>
     <span class='ocr_line' id='line_1_14' title="bbox 201 800 1551 857; baseline -0.004 -14"><span class='ocrx_word' id='word_1_77' title='bbox 201 803 360 857; x_wconf 88' lang='lat' dir='ltr'>puncti,</span> <span class='ocrx_word' id='word_1_78' title='bbox 402 816 515 842; x_wconf 91' lang='lat' dir='ltr'>nunc</span> <span class='ocrx_word' id='word_1_79' title='bbox 556 802 673 842; x_wconf 86' lang='lat' dir='ltr'>caelo</span> <span class='ocrx_word' id='word_1_80' title='bbox 715 801 868 841; x_wconf 79' lang='lat' dir='ltr'>infixas</span> <span class='ocrx_word' id='word_1_81' title='bbox 914 800 1127 853; x_wconf 79' lang='lat' dir='ltr'>suspicere</span> <span class='ocrx_word' id='word_1_82' title='bbox 1166 800 1328 852; x_wconf 86' lang='lat' dir='ltr'>stellas,</span> <span class='ocrx_word' id='word_1_83' title='bbox 1371 813 1551 853; x_wconf 89' lang='lat' dir='ltr'>quarum</span> 
     </span>
     <span class='ocr_line' id='line_1_15' title="bbox 203 857 1552 914; baseline -0.004 -11"><span class='ocrx_word' id='word_1_84' title='bbox 203 862 306 904; x_wconf 86' lang='lat' dir='ltr'>ordo</span> <span class='ocrx_word' id='word_1_85' title='bbox 341 864 406 902; x_wconf 88' lang='lat' dir='ltr'>est</span> <span class='ocrx_word' id='word_1_86' title='bbox 438 860 734 914; x_wconf 85' lang='lat' dir='ltr'>sempiternus,</span> <span class='ocrx_word' id='word_1_87' title='bbox 767 859 1026 913; x_wconf 88' lang='lat' dir='ltr'>aliquotiens</span> <span class='ocrx_word' id='word_1_88' title='bbox 1059 858 1244 899; x_wconf 86' lang='lat' dir='ltr'>humana</span> <span class='ocrx_word' id='word_1_89' title='bbox 1267 858 1431 898; x_wconf 88' lang='lat' dir='ltr'>uisione</span> <span class='ocrx_word' id='word_1_90' title='bbox 1462 857 1552 898; x_wconf 85' lang='lat' dir='ltr'>lan—</span> 
     </span>
     <span class='ocr_line' id='line_1_16' title="bbox 203 916 1552 975; baseline -0.004 -14"><span class='ocrx_word' id='word_1_91' title='bbox 203 923 359 975; x_wconf 84' lang='lat' dir='ltr'>guent-e</span> <span class='ocrx_word' id='word_1_92' title='bbox 393 920 606 961; x_wconf 81' lang='lat' dir='ltr'>discedere</span> <span class='ocrx_word' id='word_1_93' title='bbox 638 919 726 960; x_wconf 88' lang='lat' dir='ltr'>suis</span> <span class='ocrx_word' id='word_1_94' title='bbox 759 918 929 959; x_wconf 88' lang='lat' dir='ltr'>sedibus</span> <span class='ocrx_word' id='word_1_95' title='bbox 964 917 1177 958; x_wconf 85' lang='lat' dir='ltr'>arbitrari.</span> <span class='ocrx_word' id='word_1_96' title='bbox 1226 930 1375 957; x_wconf 87' lang='lat' dir='ltr'>uerum</span> <span class='ocrx_word' id='word_1_97' title='bbox 1407 916 1460 956; x_wconf 89' lang='lat' dir='ltr'>ad</span> <span class='ocrx_word' id='word_1_98' title='bbox 1490 916 1552 957; x_wconf 92' lang='lat' dir='ltr'>in-</span> 
     </span>
     <span class='ocr_line' id='line_1_17' title="bbox 203 979 783 1021; baseline -0.007 0"><span class='ocrx_word' id='word_1_99' title='bbox 203 979 357 1021; x_wconf 86' lang='lat' dir='ltr'>stituta</span> <span class='ocrx_word' id='word_1_100' title='bbox 388 979 474 1018; x_wconf 87' lang='lat' dir='ltr'>iam</span> <span class='ocrx_word' id='word_1_101' title='bbox 505 980 783 1018; x_wconf 87' lang='lat' dir='ltr'>reuertamur.</span> 
     </span>
    </p>

    <p class='ocr_par' dir='ltr' id='par_1_6' title="bbox 150 1033 1555 1323">
     <span class='ocr_line' id='line_1_18' title="bbox 150 1033 1553 1089; baseline -0.001 -14"><span class='ocrx_word' id='word_1_102' title='bbox 150 1051 183 1076; x_wconf 83' lang='lat'>15</span> <span class='ocrx_word' id='word_1_103' title='bbox 320 1035 363 1078; x_wconf 78' lang='grc'>4.</span> <span class='ocrx_word' id='word_1_104' title='bbox 400 1038 435 1077; x_wconf 87' lang='grc'>1.</span> <span class='ocrx_word' id='word_1_105' title='bbox 455 1036 761 1089; x_wconf 68' lang='lat' dir='ltr'>Properantem</span> <span class='ocrx_word' id='word_1_106' title='bbox 792 1034 1092 1076; x_wconf 79' lang='lat' dir='ltr'>Constantium</span> <span class='ocrx_word' id='word_1_107' title='bbox 1126 1033 1282 1074; x_wconf 87' lang='lat' dir='ltr'>orienti</span> <span class='ocrx_word' id='word_1_108' title='bbox 1313 1033 1424 1074; x_wconf 86' lang='lat' dir='ltr'>ferre</span> <span class='ocrx_word' id='word_1_109' title='bbox 1457 1048 1553 1086; x_wconf 88' lang='lat' dir='ltr'>sup-</span> 
     </span>
     <span class='ocr_line' id='line_1_19' title="bbox 201 1091 1553 1151; baseline -0.004 -14"><span class='ocrx_word' id='word_1_110' title='bbox 201 1096 339 1151; x_wconf 87' lang='lat' dir='ltr'>petias</span> <span class='ocrx_word' id='word_1_111' title='bbox 383 1095 595 1136; x_wconf 87' lang='lat' dir='ltr'>turbando</span> <span class='ocrx_word' id='word_1_112' title='bbox 637 1110 770 1148; x_wconf 87' lang='lat' dir='ltr'>prope</span> <span class='ocrx_word' id='word_1_113' title='bbox 815 1094 926 1134; x_wconf 91' lang='lat' dir='ltr'>diem</span> <span class='ocrx_word' id='word_1_114' title='bbox 971 1093 1216 1134; x_wconf 77' lang='lat' dir='ltr'>excursibus</span> <span class='ocrx_word' id='word_1_115' title='bbox 1257 1091 1461 1145; x_wconf 88' lang='lat' dir='ltr'>Persicis,</span> <span class='ocrx_word' id='word_1_116' title='bbox 1504 1094 1553 1132; x_wconf 92' lang='lat' dir='ltr'>ut</span> 
     </span>
     <span class='ocr_line' id='line_1_20' title="bbox 203 1150 1554 1209; baseline -0.004 -14"><span class='ocrx_word' id='word_1_117' title='bbox 203 1154 407 1209; x_wconf 79' lang='lat' dir='ltr'>perfugae</span> <span class='ocrx_word' id='word_1_118' title='bbox 428 1154 695 1194; x_wconf 73' lang='lat' dir='ltr'>concinentes</span> <span class='ocrx_word' id='word_1_119' title='bbox 718 1152 1060 1206; x_wconf 70' lang='lat' dir='ltr'>exploratoribus</span> <span class='ocrx_word' id='word_1_120' title='bbox 1082 1151 1340 1204; x_wconf 69' lang='lat' dir='ltr'>indicabant,</span> <span class='ocrx_word' id='word_1_121' title='bbox 1371 1150 1554 1191; x_wconf 88' lang='lat' dir='ltr'>urebant</span> 
     </span>
     <span class='ocr_line' id='line_1_21' title="bbox 204 1210 1554 1266; baseline -0.004 -12"><span class='ocrx_word' id='word_1_122' title='bbox 204 1213 363 1255; x_wconf 89' lang='lat' dir='ltr'>Iuliani</span> <span class='ocrx_word' id='word_1_123' title='bbox 408 1212 612 1264; x_wconf 86' lang='lat' dir='ltr'>uirtutes,</span> <span class='ocrx_word' id='word_1_124' title='bbox 658 1226 760 1266; x_wconf 84' lang='lat' dir='ltr'>quas</span> <span class='ocrx_word' id='word_1_125' title='bbox 805 1226 880 1265; x_wconf 86' lang='lat' dir='ltr'>per</span> <span class='ocrx_word' id='word_1_126' title='bbox 925 1225 1000 1251; x_wconf 87' lang='lat' dir='ltr'>ora</span> <span class='ocrx_word' id='word_1_127' title='bbox 1050 1210 1243 1264; x_wconf 77' lang='lat' dir='ltr'>gentium</span> <span class='ocrx_word' id='word_1_128' title='bbox 1288 1210 1554 1250; x_wconf 86' lang='lat' dir='ltr'>diuersarum</span> 
     </span>
     <span class='ocr_line' id='line_1_22' title="bbox 204 1267 1555 1323; baseline -0.004 -10"><span class='ocrx_word' id='word_1_129' title='bbox 204 1272 320 1313; x_wconf 88' lang='lat' dir='ltr'>fama</span> <span class='ocrx_word' id='word_1_130' title='bbox 352 1271 561 1312; x_wconf 85' lang='lat' dir='ltr'>celebrior</span> <span class='ocrx_word' id='word_1_131' title='bbox 582 1270 836 1323; x_wconf 81' lang='lat' dir='ltr'>effundebat,</span> <span class='ocrx_word' id='word_1_132' title='bbox 868 1282 1125 1323; x_wconf 76' lang='lat' dir='ltr'>magnorum</span> <span class='ocrx_word' id='word_1_133' title='bbox 1147 1269 1235 1316; x_wconf 85' lang='lat' dir='ltr'>eius</span> <span class='ocrx_word' id='word_1_134' title='bbox 1267 1268 1466 1308; x_wconf 87' lang='lat' dir='ltr'>laborum</span> <span class='ocrx_word' id='word_1_135' title='bbox 1494 1267 1555 1308; x_wconf 84' lang='lat' dir='ltr'>fa—</span> 
     </span>
    </p>

    <p class='ocr_par' dir='ltr' id='par_1_7' title="bbox 152 1326 1557 1618">
     <span class='ocr_line' id='line_1_23' title="bbox 152 1326 1553 1384; baseline -0.002 -15"><span class='ocrx_word' id='word_1_136' title='bbox 152 1345 186 1370; x_wconf 86' lang='lat'>20</span> <span class='ocrx_word' id='word_1_137' title='bbox 207 1335 455 1384; x_wconf 90' lang='lat' dir='ltr'>ctorumque</span> <span class='ocrx_word' id='word_1_138' title='bbox 500 1329 658 1370; x_wconf 89' lang='lat' dir='ltr'>uehens</span> <span class='ocrx_word' id='word_1_139' title='bbox 711 1329 888 1370; x_wconf 79' lang='lat' dir='ltr'>adoreas</span> <span class='ocrx_word' id='word_1_140' title='bbox 938 1328 1073 1368; x_wconf 89' lang='lat' dir='ltr'>celsas</span> <span class='ocrx_word' id='word_1_141' title='bbox 1123 1330 1223 1380; x_wconf 79' lang='lat' dir='ltr'>post</span> <span class='ocrx_word' id='word_1_142' title='bbox 1266 1326 1553 1367; x_wconf 82' lang='lat' dir='ltr'>Alamanniae</span> 
     </span>
     <span class='ocr_line' id='line_1_24' title="bbox 207 1384 1556 1444; baseline -0.004 -14"><span class='ocrx_word' id='word_1_143' title='bbox 207 1389 416 1444; x_wconf 85' lang='lat' dir='ltr'>quaedam</span> <span class='ocrx_word' id='word_1_144' title='bbox 448 1401 581 1442; x_wconf 81' lang='lat' dir='ltr'>regna</span> <span class='ocrx_word' id='word_1_145' title='bbox 611 1390 830 1441; x_wconf 84' lang='lat' dir='ltr'>prostrata</span> <span class='ocrx_word' id='word_1_146' title='bbox 862 1389 1118 1439; x_wconf 83' lang='lat' dir='ltr'>receptaque</span> <span class='ocrx_word' id='word_1_147' title='bbox 1140 1385 1295 1438; x_wconf 85' lang='lat' dir='ltr'>oppida</span> <span class='ocrx_word' id='word_1_148' title='bbox 1317 1384 1556 1438; x_wconf 81' lang='lat' dir='ltr'>Gallicana,</span> 
     </span>
     <span class='ocr_line' id='line_1_25' title="bbox 207 1443 1555 1500; baseline -0.004 -11"><span class='ocrx_word' id='word_1_149' title='bbox 207 1452 305 1489; x_wconf 87' lang='lat' dir='ltr'>ante</span> <span class='ocrx_word' id='word_1_150' title='bbox 350 1447 517 1500; x_wconf 89' lang='lat' dir='ltr'>direpta</span> <span class='ocrx_word' id='word_1_151' title='bbox 562 1462 585 1488; x_wconf 89' lang='lat' dir='ltr'>a</span> <span class='ocrx_word' id='word_1_152' title='bbox 628 1446 826 1487; x_wconf 85' lang='lat' dir='ltr'>barbaris</span> <span class='ocrx_word' id='word_1_153' title='bbox 872 1448 914 1486; x_wconf 91' lang='lat' dir='ltr'>et</span> <span class='ocrx_word' id='word_1_154' title='bbox 959 1445 1111 1498; x_wconf 79' lang='lat' dir='ltr'>excisa,</span> <span class='ocrx_word' id='word_1_155' title='bbox 1156 1458 1263 1498; x_wconf 88' lang='lat' dir='ltr'>quos</span> <span class='ocrx_word' id='word_1_156' title='bbox 1299 1443 1555 1484; x_wconf 88' lang='lat' dir='ltr'>tributarios</span> 
     </span>
     <span class='ocr_line' id='line_1_26' title="bbox 206 1502 1554 1561; baseline -0.004 -13"><span class='ocrx_word' id='word_1_157' title='bbox 206 1508 298 1561; x_wconf 87' lang='lat' dir='ltr'>ipse</span> <span class='ocrx_word' id='word_1_158' title='bbox 318 1506 422 1547; x_wconf 84' lang='lat' dir='ltr'>fecit</span> <span class='ocrx_word' id='word_1_159' title='bbox 443 1508 486 1546; x_wconf 92' lang='lat' dir='ltr'>et</span> <span class='ocrx_word' id='word_1_160' title='bbox 505 1506 754 1559; x_wconf 79' lang='lat' dir='ltr'>uectigales,</span> <span class='ocrx_word' id='word_1_161' title='bbox 816 1505 854 1545; x_wconf 69' lang='lat'>2.</span> <span class='ocrx_word' id='word_1_162' title='bbox 888 1504 941 1545; x_wconf 91' lang='lat' dir='ltr'>ob</span> <span class='ocrx_word' id='word_1_163' title='bbox 966 1504 1071 1544; x_wconf 87' lang='lat' dir='ltr'>haec</span> <span class='ocrx_word' id='word_1_164' title='bbox 1099 1506 1141 1543; x_wconf 88' lang='lat' dir='ltr'>et</span> <span class='ocrx_word' id='word_1_165' title='bbox 1173 1502 1335 1543; x_wconf 88' lang='lat' dir='ltr'>similia</span> <span class='ocrx_word' id='word_1_166' title='bbox 1366 1502 1554 1555; x_wconf 87' lang='lat' dir='ltr'>percitus</span> 
     </span>
     <span class='ocr_line' id='line_1_27' title="bbox 207 1561 1557 1618; baseline -0.004 -12"><span class='ocrx_word' id='word_1_167' title='bbox 207 1569 486 1618; x_wconf 88' lang='lat' dir='ltr'>metuensque</span> <span class='ocrx_word' id='word_1_168' title='bbox 529 1579 581 1605; x_wconf 89' lang='lat' dir='ltr'>ne</span> <span class='ocrx_word' id='word_1_169' title='bbox 621 1567 879 1618; x_wconf 78' lang='lat' dir='ltr'>augerentur</span> <span class='ocrx_word' id='word_1_170' title='bbox 922 1563 967 1602; x_wconf 88' lang='lat' dir='ltr'>in</span> <span class='ocrx_word' id='word_1_171' title='bbox 1006 1562 1156 1613; x_wconf 88' lang='lat' dir='ltr'>maius,</span> <span class='ocrx_word' id='word_1_172' title='bbox 1201 1561 1464 1614; x_wconf 80' lang='lat' dir='ltr'>stimulante,</span> <span class='ocrx_word' id='word_1_173' title='bbox 1509 1563 1557 1601; x_wconf 89' lang='lat' dir='ltr'>ut</span> 
     </span>
    </p>

    <p class='ocr_par' dir='ltr' id='par_1_8' title="bbox 155 1620 1560 1913">
     <span class='ocr_line' id='line_1_28' title="bbox 155 1620 1558 1677; baseline -0.003 -14"><span class='ocrx_word' id='word_1_174' title='bbox 155 1638 189 1663; x_wconf 79' lang='lat'>25</span> <span class='ocrx_word' id='word_1_175' title='bbox 209 1625 441 1676; x_wconf 80' lang='lat' dir='ltr'>ferebatur,</span> <span class='ocrx_word' id='word_1_176' title='bbox 472 1623 689 1677; x_wconf 75' lang='lat' dir='ltr'>praefecto</span> <span class='ocrx_word' id='word_1_177' title='bbox 710 1621 942 1673; x_wconf 84' lang='lat' dir='ltr'>Florentio,</span> <span class='ocrx_word' id='word_1_178' title='bbox 974 1620 1229 1662; x_wconf 83' lang='lat' dir='ltr'>Decentium</span> <span class='ocrx_word' id='word_1_179' title='bbox 1259 1620 1481 1660; x_wconf 90' lang='lat' dir='ltr'>tribunum</span> <span class='ocrx_word' id='word_1_180' title='bbox 1514 1621 1558 1659; x_wconf 89' lang='lat' dir='ltr'>et</span> 
     </span>
     <span class='ocr_line' id='line_1_29' title="bbox 208 1678 1558 1732; baseline -0.004 -8"><span class='ocrx_word' id='word_1_181' title='bbox 208 1683 426 1724; x_wconf 86' lang='lat' dir='ltr'>notarium</span> <span class='ocrx_word' id='word_1_182' title='bbox 459 1682 577 1723; x_wconf 89' lang='lat' dir='ltr'>misit</span> <span class='ocrx_word' id='word_1_183' title='bbox 610 1682 842 1722; x_wconf 77' lang='lat' dir='ltr'>auxiliares</span> <span class='ocrx_word' id='word_1_184' title='bbox 876 1680 1035 1721; x_wconf 87' lang='lat' dir='ltr'>milites</span> <span class='ocrx_word' id='word_1_185' title='bbox 1069 1679 1219 1719; x_wconf 73' lang='lat' dir='ltr'>exinde</span> <span class='ocrx_word' id='word_1_186' title='bbox 1256 1678 1452 1732; x_wconf 89' lang='lat' dir='ltr'>protinus</span> <span class='ocrx_word' id='word_1_187' title='bbox 1487 1678 1558 1719; x_wconf 88' lang='lat' dir='ltr'>ab·</span> 
     </span>
     <span class='ocr_line' id='line_1_30' title="bbox 210 1736 1558 1791; baseline -0.004 -9"><span class='ocrx_word' id='word_1_188' title='bbox 210 1744 471 1783; x_wconf 88' lang='lat' dir='ltr'>stracturum</span> <span class='ocrx_word' id='word_1_189' title='bbox 507 1740 691 1781; x_wconf 91' lang='lat' dir='ltr'>Aerulos</span> <span class='ocrx_word' id='word_1_190' title='bbox 732 1743 774 1780; x_wconf 90' lang='lat' dir='ltr'>et</span> <span class='ocrx_word' id='word_1_191' title='bbox 812 1738 1004 1780; x_wconf 90' lang='lat' dir='ltr'>Batauos</span> <span class='ocrx_word' id='word_1_192' title='bbox 1043 1752 1222 1791; x_wconf 86' lang='lat' dir='ltr'>cumque</span> <span class='ocrx_word' id='word_1_193' title='bbox 1253 1736 1558 1778; x_wconf 85' lang='lat' dir='ltr'>Petulantibus</span> 
     </span>
     <span class='ocr_line' id='line_1_31' title="bbox 211 1795 1560 1849; baseline -0.004 -8"><span class='ocrx_word' id='word_1_194' title='bbox 211 1799 356 1842; x_wconf 83' lang='lat' dir='ltr'>Celtas</span> <span class='ocrx_word' id='word_1_195' title='bbox 408 1802 450 1840; x_wconf 90' lang='lat' dir='ltr'>et</span> <span class='ocrx_word' id='word_1_196' title='bbox 499 1799 633 1840; x_wconf 89' lang='lat' dir='ltr'>lectos</span> <span class='ocrx_word' id='word_1_197' title='bbox 678 1813 729 1839; x_wconf 85' lang='lat' dir='ltr'>ex</span> <span class='ocrx_word' id='word_1_198' title='bbox 770 1798 959 1839; x_wconf 88' lang='lat' dir='ltr'>numeris</span> <span class='ocrx_word' id='word_1_199' title='bbox 1005 1797 1102 1838; x_wconf 89' lang='lat' dir='ltr'>aliis</span> <span class='ocrx_word' id='word_1_200' title='bbox 1147 1798 1435 1849; x_wconf 80' lang='lat' dir='ltr'>trecentenos,</span> <span class='ocrx_word' id='word_1_201' title='bbox 1477 1795 1560 1836; x_wconf 88' lang='lat' dir='ltr'>hac</span> 
     </span>
     <span class='ocr_line' id='line_1_32' title="bbox 211 1853 1558 1913; baseline -0.005 -13"><span class='ocrx_word' id='word_1_202' title='bbox 211 1859 351 1913; x_wconf 86' lang='lat' dir='ltr'>specie</span> <span class='ocrx_word' id='word_1_203' title='bbox 383 1858 522 1899; x_wconf 87' lang='lat' dir='ltr'>iussos</span> <span class='ocrx_word' id='word_1_204' title='bbox 545 1858 798 1910; x_wconf 85' lang='lat' dir='ltr'>adcelerare,</span> <span class='ocrx_word' id='word_1_205' title='bbox 829 1859 877 1898; x_wconf 92' lang='lat' dir='ltr'>ut</span> <span class='ocrx_word' id='word_1_206' title='bbox 898 1856 1045 1898; x_wconf 88' lang='lat' dir='ltr'>adesse</span> <span class='ocrx_word' id='word_1_207' title='bbox 1066 1855 1235 1910; x_wconf 88' lang='lat' dir='ltr'>possint</span> <span class='ocrx_word' id='word_1_208' title='bbox 1256 1854 1386 1895; x_wconf 89' lang='lat' dir='ltr'>armis</span> <span class='ocrx_word' id='word_1_209' title='bbox 1418 1853 1558 1907; x_wconf 89' lang='lat' dir='ltr'>primo</span> 
     </span>
    </p>

    <p class='ocr_par' dir='ltr' id='par_1_9' title="bbox 157 1915 870 1961">
     <span class='ocr_line' id='line_1_33' title="bbox 157 1915 870 1961; baseline -0.007 -1"><span class='ocrx_word' id='word_1_210' title='bbox 157 1936 191 1961; x_wconf 80' lang='lat'>30</span> <span class='ocrx_word' id='word_1_211' title='bbox 211 1931 310 1959; x_wconf 91' lang='lat' dir='ltr'>uere</span> <span class='ocrx_word' id='word_1_212' title='bbox 342 1916 564 1958; x_wconf 89' lang='lat' dir='ltr'>mouendis</span> <span class='ocrx_word' id='word_1_213' title='bbox 596 1916 642 1957; x_wconf 91' lang='lat' dir='ltr'>in</span> <span class='ocrx_word' id='word_1_214' title='bbox 672 1915 870 1957; x_wconf 85' lang='lat' dir='ltr'>Parthos.</span> 
     </span>
    </p>

    <p class='ocr_par' dir='ltr' id='par_1_10' title="bbox 331 1970 1562 2028">
     <span class='ocr_line' id='line_1_34' title="bbox 331 1970 1562 2028; baseline -0.005 -12"><span class='ocrx_word' id='word_1_215' title='bbox 331 1976 369 2016; x_wconf 94' lang='grc'>9).</span> <span class='ocrx_word' id='word_1_216' title='bbox 401 1975 460 2015; x_wconf 88' lang='lat' dir='ltr'>Et</span> <span class='ocrx_word' id='word_1_217' title='bbox 492 1989 618 2028; x_wconf 84' lang='lat' dir='ltr'>super</span> <span class='ocrx_word' id='word_1_218' title='bbox 650 1974 889 2015; x_wconf 81' lang='lat' dir='ltr'>auxiliariis</span> <span class='ocrx_word' id='word_1_219' title='bbox 923 1973 1094 2027; x_wconf 81' lang='lat' dir='ltr'>quidem</span> <span class='ocrx_word' id='word_1_220' title='bbox 1127 1975 1169 2013; x_wconf 91' lang='lat' dir='ltr'>et</span> <span class='ocrx_word' id='word_1_221' title='bbox 1205 1970 1462 2012; x_wconf 78' lang='lat' dir='ltr'>trecentenis</span> <span class='ocrx_word' id='word_1_222' title='bbox 1495 1984 1562 2011; x_wconf 85' lang='lat' dir='ltr'>co-</span> 
     </span>
    </p>
   </div>
   <div class='ocr_carea' id='block_1_4' title="bbox 213 2131 1564 2439">
    <p class='ocr_par' dir='ltr' id='par_1_11' title="bbox 213 2131 1564 2439">
     <span class='ocr_line' id='line_1_35' title="bbox 306 2131 1563 2177; baseline -0.005 -6"><span class='ocrx_word' id='word_1_223' title='bbox 306 2141 321 2171; x_wconf 83' lang='lat' dir='ltr'>l</span> <span class='ocrx_word' id='word_1_224' title='bbox 349 2136 622 2171; x_wconf 73' lang='grc' dir='ltr'>ΑΕΤΟΚΡΙΕΙΝ</span> <span class='ocrx_word' id='word_1_225' title='bbox 655 2135 722 2170; x_wconf 88' lang='lat' dir='ltr'>VP</span> <span class='ocrx_word' id='word_1_226' title='bbox 755 2132 958 2177; x_wconf 71' lang='grc' dir='ltr'><em>ἀπόκρισιν</em></span> <span class='ocrx_word' id='word_1_227' title='bbox 992 2133 1024 2167; x_wconf 81' lang='lat' dir='ltr'><em>G</em></span> <span class='ocrx_word' id='word_1_228' title='bbox 1056 2144 1122 2166; x_wconf 86' lang='lat' dir='ltr'>om.</span> <span class='ocrx_word' id='word_1_229' title='bbox 1156 2133 1222 2166; x_wconf 78' lang='lat' dir='ltr'>Iac.</span> <span class='ocrx_word' id='word_1_230' title='bbox 1254 2135 1276 2166; x_wconf 83' lang='lat'><em>9</em></span> <span class='ocrx_word' id='word_1_231' title='bbox 1307 2132 1376 2166; x_wconf 75' lang='lat' dir='ltr'>litt.</span> <span class='ocrx_word' id='word_1_232' title='bbox 1401 2131 1438 2166; x_wconf 84' lang='lat' dir='ltr'><em>R</em></span> <span class='ocrx_word' id='word_1_233' title='bbox 1468 2145 1563 2165; x_wconf 86' lang='grc' dir='ltr'><em>παν-</em></span> 
     </span>
     <span class='ocr_line' id='line_1_36' title="bbox 215 2176 1562 2225; baseline -0.005 -9"><span class='ocrx_word' id='word_1_234' title='bbox 215 2180 372 2225; x_wconf 80' lang='grc' dir='ltr'><strong><em>σέληνος</em></strong></span> <span class='ocrx_word' id='word_1_235' title='bbox 397 2181 417 2215; x_wconf 89' lang='lat' dir='ltr'>b</span> <span class='ocrx_word' id='word_1_236' title='bbox 487 2182 600 2224; x_wconf 87' lang='lat' dir='ltr'>atque</span> <span class='ocrx_word' id='word_1_237' title='bbox 626 2190 691 2214; x_wconf 84' lang='lat' dir='ltr'>om.</span> <span class='ocrx_word' id='word_1_238' title='bbox 722 2180 753 2214; x_wconf 79' lang='lat' dir='ltr'><strong><em>G</em></strong></span> <span class='ocrx_word' id='word_1_239' title='bbox 823 2182 842 2212; x_wconf 89' lang='grc'><strong>6</strong></span> <span class='ocrx_word' id='word_1_240' title='bbox 868 2178 1043 2212; x_wconf 86' lang='lat' dir='ltr'>inferiore</span> <span class='ocrx_word' id='word_1_241' title='bbox 1066 2177 1232 2211; x_wconf 65' lang='lat' dir='ltr'>Valesius</span> <span class='ocrx_word' id='word_1_242' title='bbox 1255 2176 1432 2211; x_wconf 85' lang='lat' dir='ltr'>interiore</span> <span class='ocrx_word' id='word_1_243' title='bbox 1458 2176 1562 2210; x_wconf 83' lang='lat' dir='ltr'>codd.</span> 
     </span>
     <span class='ocr_line' id='line_1_37' title="bbox 214 2220 1564 2261; baseline -0.004 -1"><span class='ocrx_word' id='word_1_244' title='bbox 214 2230 234 2261; x_wconf 87' lang='grc'>8</span> <span class='ocrx_word' id='word_1_245' title='bbox 259 2226 453 2260; x_wconf 86' lang='lat' dir='ltr'>constituti</span> <span class='ocrx_word' id='word_1_246' title='bbox 477 2226 581 2260; x_wconf 80' lang='lat' dir='ltr'>codd.</span> <span class='ocrx_word' id='word_1_247' title='bbox 662 2229 702 2259; x_wconf 87' lang='lat'>10</span> <span class='ocrx_word' id='word_1_248' title='bbox 727 2223 916 2258; x_wconf 84' lang='lat' dir='ltr'>subditum</span> <span class='ocrx_word' id='word_1_249' title='bbox 940 2224 985 2256; x_wconf 84' lang='lat' dir='ltr'>A.</span> <span class='ocrx_word' id='word_1_250' title='bbox 1012 2223 1047 2259; x_wconf 77' lang='lat' dir='ltr'>d.</span> <span class='ocrx_word' id='word_1_251' title='bbox 1075 2222 1292 2256; x_wconf 72' lang='lat' dir='ltr'>Gutsclzmz&#39;d</span> <span class='ocrx_word' id='word_1_252' title='bbox 1315 2221 1502 2255; x_wconf 82' lang='lat' dir='ltr'>subditam</span> <span class='ocrx_word' id='word_1_253' title='bbox 1532 2220 1564 2254; x_wconf 95' lang='lat' dir='ltr'><em>V</em></span> 
     </span>
     <span class='ocr_line' id='line_1_38' title="bbox 214 2266 1562 2312; baseline -0.004 -8"><span class='ocrx_word' id='word_1_254' title='bbox 214 2270 429 2305; x_wconf 84' lang='lat' dir='ltr'>subdictaP</span> <span class='ocrx_word' id='word_1_255' title='bbox 492 2274 530 2304; x_wconf 83' lang='lat'>11</span> <span class='ocrx_word' id='word_1_256' title='bbox 545 2280 584 2304; x_wconf 89' lang='lat' dir='ltr'>re</span> <span class='ocrx_word' id='word_1_257' title='bbox 599 2270 641 2303; x_wconf 80' lang='lat' dir='ltr'>in</span> <span class='ocrx_word' id='word_1_258' title='bbox 657 2269 843 2312; x_wconf 86' lang='lat' dir='ltr'>suspicere</span> <span class='ocrx_word' id='word_1_259' title='bbox 862 2268 903 2302; x_wconf 72' lang='lat' dir='ltr'>in</span> <span class='ocrx_word' id='word_1_260' title='bbox 919 2278 991 2302; x_wconf 75' lang='lat' dir='ltr'>ras.</span> <span class='ocrx_word' id='word_1_261' title='bbox 1006 2270 1052 2301; x_wconf 80' lang='lat'>12</span> <span class='ocrx_word' id='word_1_262' title='bbox 1070 2267 1138 2302; x_wconf 72' lang='lat' dir='ltr'>litt.</span> <span class='ocrx_word' id='word_1_263' title='bbox 1156 2277 1225 2301; x_wconf 81' lang='lat' dir='ltr'>scr.</span> <span class='ocrx_word' id='word_1_264' title='bbox 1250 2266 1295 2298; x_wconf 85' lang='lat' dir='ltr'>V²</span> <span class='ocrx_word' id='word_1_265' title='bbox 1365 2266 1562 2300; x_wconf 51' lang='grc'>15351131]-</span> 
     </span>
     <span class='ocr_line' id='line_1_39' title="bbox 213 2309 1562 2359; baseline -0.006 -9"><span class='ocrx_word' id='word_1_266' title='bbox 213 2316 308 2349; x_wconf 90' lang='lat' dir='ltr'>tium</span> <span class='ocrx_word' id='word_1_267' title='bbox 338 2315 372 2349; x_wconf 91' lang='lat' dir='ltr'><em>V</em></span> <span class='ocrx_word' id='word_1_268' title='bbox 424 2319 465 2349; x_wconf 84' lang='lat'>17</span> <span class='ocrx_word' id='word_1_269' title='bbox 491 2314 789 2359; x_wconf 81' lang='lat' dir='ltr'>exploratoribus</span> <span class='ocrx_word' id='word_1_270' title='bbox 805 2333 849 2337; x_wconf 92' lang='lat'>—</span> <span class='ocrx_word' id='word_1_271' title='bbox 874 2316 916 2346; x_wconf 85' lang='lat'>18</span> <span class='ocrx_word' id='word_1_272' title='bbox 941 2312 1100 2346; x_wconf 87' lang='lat' dir='ltr'>uirtutes</span> <span class='ocrx_word' id='word_1_273' title='bbox 1124 2312 1210 2345; x_wconf 73' lang='lat' dir='ltr'>add.</span> <span class='ocrx_word' id='word_1_274' title='bbox 1241 2311 1296 2345; x_wconf 84' lang='lat' dir='ltr'>V¹¹¹</span> <span class='ocrx_word' id='word_1_275' title='bbox 1350 2309 1485 2344; x_wconf 84' lang='lat' dir='ltr'>urebat</span> <span class='ocrx_word' id='word_1_276' title='bbox 1506 2309 1562 2343; x_wconf 91' lang='lat' dir='ltr'>iu-</span> 
     </span>
     <span class='ocr_line' id='line_1_40' title="bbox 214 2355 1564 2438; baseline -0.005 -44"><span class='ocrx_word' id='word_1_277' title='bbox 214 2360 355 2393; x_wconf 85' lang='lat' dir='ltr'>lianum</span> <span class='ocrx_word' id='word_1_278' title='bbox 380 2360 483 2438; x_wconf 51' lang='lat' dir='ltr'>cpsdd.</span> <span class='ocrx_word' id='word_1_279' title='bbox 557 2363 598 2393; x_wconf 73' lang='grc'>26</span> <span class='ocrx_word' id='word_1_280' title='bbox 623 2358 761 2392; x_wconf 87' lang='lat' dir='ltr'>milites</span> <span class='ocrx_word' id='word_1_281' title='bbox 778 2368 844 2392; x_wconf 83' lang='lat' dir='ltr'>om.</span> <span class='ocrx_word' id='word_1_282' title='bbox 870 2358 913 2402; x_wconf 64' lang='lat' dir='ltr'>bf]</span> <span class='ocrx_word' id='word_1_283' title='bbox 982 2356 1164 2391; x_wconf 79' lang='lat' dir='ltr'>exindede</span> <span class='ocrx_word' id='word_1_284' title='bbox 1187 2356 1221 2390; x_wconf 89' lang='lat' dir='ltr'><em>V</em></span> <span class='ocrx_word' id='word_1_285' title='bbox 1287 2359 1328 2389; x_wconf 71' lang='lat'>‘27</span> <span class='ocrx_word' id='word_1_286' title='bbox 1354 2355 1511 2389; x_wconf 79' lang='lat' dir='ltr'>batauos</span> <span class='ocrx_word' id='word_1_287' title='bbox 1527 2355 1564 2388; x_wconf 91' lang='lat' dir='ltr'>P</span> 
     </span>
     <span class='ocr_line' id='line_1_41' title="bbox 214 2406 371 2439; baseline 0 -1"><span class='ocrx_word' id='word_1_288' title='bbox 214 2406 371 2439; x_wconf 81' lang='lat' dir='ltr'>uatauos</span> 
     </span>
    </p>
   </div>
  </div>
 </body>
</html>
