1614 2549
349 97 689 134 CONSTANTIVS
712 97 776 133 ET
799 96 1031 132 IVLIANUS
1055 101 1121 133 359
1330 98 1409 140 181

187 194 252 235 13.
293 192 486 234 Retectis
532 192 729 247 sequenti
771 192 865 234 luce
905 191 1126 233 funeribus
1165 205 1262 233 cum
1297 191 1411 233 inter

66 267 285 295 caesorum
317 251 525 293 cadauera
557 251 788 305 optimates
820 251 1116 292 inuenirentur
1135 253 1177 291 et
1209 252 1410 304 satrapae

66 312 275 353 clamores
313 310 476 351 dissoni
512 310 731 352 fortunam
769 310 900 351 aliam
938 310 1043 351 alibi
1082 324 1177 351 cum
1220 309 1411 350 lacrimis

0 414 2 428 ἰ
65 369 325 422 indicabant,
362 368 503 411 luctus
535 369 693 423 ubique
726 371 768 410 et
805 369 1044 423 indignatio
1083 381 1235 422 regum
1273 367 1412 410 audie-

0 449 1 452 =
29 441 46 467 5
64 428 192 470 batur
224 427 529 470 arbitrantium
560 442 636 482 per
667 428 876 469 stationes
909 428 1042 468 muris
1076 427 1267 468 obiectas
1298 427 1412 468 inru-

64 487 179 542 pisse
210 486 446 528 Romanos:
484 486 747 541 indutiisque
785 486 839 527 ob
879 485 985 526 haec
1022 485 1154 526 tridui
1192 485 1304 526 datis
1344 485 1412 527 ad-

65 561 193 588 sensu
225 546 441 587 communi
476 560 554 587 nos
595 559 760 600 quoque
801 545 989 598 spatium
1027 544 1079 586 ad
1115 544 1413 598 respirandum

66 605 319 659 accepimus.

186 663 224 704 7.
267 664 301 704 1.
339 663 567 704 Perculsae
605 662 754 704 deinde
790 663 984 704 nouitate
1023 662 1086 703 rei
1131 661 1414 715 efferataeque

13 736 47 761 ιο
65 725 216 776 gentes
249 722 408 763 omissa
429 722 547 763 omni
579 721 851 763 cunctatione
878 721 1093 775 operibus,
1126 720 1328 775 quoniam
1348 721 1413 761 uis

64 781 240 822 minime
260 780 532 835 procedebat,
563 780 790 822 decernere
822 780 910 821 iam
930 780 1161 821 censebant
1182 781 1224 820 et
1244 779 1413 820 concito

66 842 255 881 extremo
287 840 395 880 belli
415 840 564 881 ardore
586 854 732 880 omnes
753 841 955 893 oppetere
988 838 1177 892 gloriose
1208 838 1295 878 iam
1319 852 1415 892 pro-

64 899 287 952 perabant,
319 902 392 940 aut
422 898 546 939 ruina
576 898 697 939 urbis
730 898 885 939 animis
918 898 1068 938 litasse
1101 910 1335 938 caesorum.

183 957 223 998 2.
241 957 418 1011 Iamque
452 959 662 1011 apparatu
683 959 934 998 cunctorum
955 956 1179 997 alacritate
1210 955 1416 1009 perfecto,

13 1029 46 1055 15
66 1010 290 1057 exsiliente
322 1015 500 1057 lucifero
527 1030 703 1070 operum
734 1015 879 1056 uariae
911 1015 1073 1069 species
1103 1029 1199 1056 cum
1222 1013 1415 1054 turribus

65 1074 238 1115 ferratis
283 1074 640 1128 admonebantur,
691 1088 872 1129 quorum
922 1074 967 1115 in
1010 1073 1244 1115 uerticibus
1289 1072 1416 1114 celsis

66 1135 238 1187 aptatae
288 1133 491 1174 ballistae
541 1136 885 1187 propugnatores
943 1133 1160 1187 agitantes
1209 1131 1416 1172 hiunilius

6 1233 7 1236 ,
65 1191 364 1234 disiectabant.
432 1192 470 1233 3.
509 1195 551 1233 et
590 1192 834 1233 albescente
873 1192 961 1233 iam
998 1191 1064 1232 die
1101 1191 1242 1232 ferrea
1280 1189 1417 1231 muni-

4 1242 8 1278 4
66 1254 212 1292 menta
243 1251 537 1292 membrorum
569 1251 733 1292 caelum
755 1265 879 1292 omne
907 1250 1140 1292 subtexunt
1159 1249 1417 1291 densitatae-

0 1283 47 1365 i²⁰
67 1323 148 1364 que
181 1310 294 1351 acies
332 1323 419 1351 non
450 1310 731 1351 inordinatim
763 1312 811 1350 ut
843 1312 982 1362 antea,
1014 1309 1087 1350 sed
1117 1309 1321 1350 tubarum
1353 1321 1418 1348 so-

2 1367 5 1409 i
65 1369 160 1410 nitu
191 1368 279 1409 leni
298 1369 499 1410 ductante
519 1368 651 1409 nullis
683 1368 1034 1422 procursantibus
1054 1367 1311 1408 incedebant
1330 1380 1417 1406 ma-

2 1427 7 1436 “
67 1426 290 1468 chinarum
321 1428 461 1481 operti
491 1427 756 1481 tegminibus
790 1430 1013 1481 cratesque
1049 1426 1260 1467 uimineas
1297 1439 1417 1479 prae-

65 1485 302 1528 tendentes.
374 1487 413 1527 4.
456 1500 636 1540 cumque
683 1486 1022 1540 propinquantes
1073 1485 1127 1526 ad
1176 1485 1417 1526 coniectum

56 1558 221 1586 'uenere
251 1545 450 1599 telorum,
483 1545 695 1599 oppositis
717 1544 850 1586 scutis
870 1544 1026 1585 Persae
1047 1544 1212 1598 pedites
1234 1542 1416 1597 sagittas

12 1616 47 1642 25
65 1604 293 1660 tormentis
327 1619 526 1646 excussas
560 1619 580 1645 e
613 1603 746 1644 muris
780 1604 950 1657 aegrius
972 1603 1184 1644 euitantes
1217 1601 1418 1643 laxarunt

67 1663 203 1704 aciem
244 1663 364 1704 nullo
407 1677 543 1717 paene
583 1662 714 1703 iaculi
757 1675 912 1716 genere
952 1662 997 1703 in
1027 1676 1188 1703 uanum
1219 1660 1417 1702 cadente:

67 1721 199 1762 etiam
231 1722 497 1776 cataphracti
527 1721 723 1763 hebetati
755 1723 799 1762 et
830 1721 1025 1762 cedentes
1058 1721 1225 1761 animos
1259 1733 1417 1760 auxere

66 1783 325 1822 nostrorum.
387 1780 425 1822 5.
463 1783 609 1822 tamen
646 1779 747 1834 quia
781 1779 964 1821 hostiles
1001 1779 1205 1820 ballistae
1243 1777 1418 1819 ferratis

67 1839 281 1893 inpositae
318 1840 509 1881 turribus
548 1839 593 1880 in
629 1838 863 1880 humiliora
900 1852 951 1880 ex
989 1838 1184 1891 supernis
1221 1836 1417 1878 ualentes

13 1909 50 1935 30
68 1900 116 1939 ut
147 1897 241 1939 loco
262 1898 423 1952 dispari
455 1898 517 1939 ita
537 1900 694 1939 euentu
712 1896 914 1938 dissimili
938 1898 1088 1938 nostra
1107 1896 1244 1937 multo
1266 1908 1416 1935 cruore

68 1956 319 2011 foedabant,
356 1957 582 2012 ingruente
627 1956 714 1997 iam
752 1970 931 2009 uespera
971 1969 1065 1997 cum
1096 1954 1418 2009 requiescerent

0 1593 12 1739 i

5 1755 11 1795 ,ε

0 1807 9 1839 ,τ

0 1842 14 2009 ἡ

9 2012 15 2031 r

7 2141 14 2194 ξ
160 2158 178 2187 1
203 2154 354 2188 retectis
383 2153 555 2197 sequenti
583 2152 635 2187 V²
646 2152 717 2187 ΘΑ
748 2152 942 2187 reteccisse
983 2151 1114 2196 quanti
1144 2151 1181 2186 P
1215 2151 1296 2185 rete
1336 2150 1416 2194 [lac.

8 2210 10 2216 ’
68 2203 90 2234 6
120 2197 209 2243 lita]
243 2199 374 2242 quanti
403 2198 460 2233 Rr
488 2198 686 2232 remicanti
717 2198 737 2232 b
828 2201 848 2231 3
874 2197 1053 2232 clamores
1092 2196 1125 2230 G
1161 2196 1416 2238 clamoresque

73 2243 188 2278 VPba
281 2247 320 2277 11
358 2242 560 2278 censebant
597 2243 632 2277 G
667 2242 862 2277 cessabant
901 2242 933 2276 V
1025 2245 1066 2276 19
1096 2241 1305 2275 densitatae
1334 2239 1418 2274 Pha

8 2304 11 2309 1
68 2288 244 2323 tensitate
270 2298 366 2332 quae
394 2286 428 2321 V
455 2287 706 2338 densataeque
745 2287 779 2322 G
841 2291 884 2322 20
914 2286 1091 2321 tubarum
1122 2287 1191 2330 bya
1220 2285 1416 2334 turbarum

9 2336 19 2384 ξ
68 2333 163 2412 gill?
177 2333 442 2412 Gj9dupernisi³
470 2332 618 2412 ῙῖῘΡόΒΟ
641 2333 708 2412 1ὺέ1
720 2332 860 2366 euentu
884 2332 990 2422 Ρέἕα
1012 2329 1248 2411 ίῒίηὲηΐῧΡῨ
1313 2329 1417 2363 (11551-

9 2384 18 2417 5
297 2388 412 2412 13811111
443 2389 458 2411 s
733 2387 892 2422 uespera
959 2387 982 2411 a
1007 2387 1049 2421 sp
1075 2387 1093 2410 r
