1573 2508
146 48 230 92 282
665 44 771 81 XXII
792 50 826 90 s,
850 50 930 82 38-
940 50 983 83 47

148 142 380 185 crescentis
413 140 657 195 ostendimt,
687 139 964 182 medietatem
996 143 1113 182 recta
1144 143 1187 182 et
1217 139 1402 182 rotunda
1431 153 1494 182 re·

151 201 256 255 gula
286 199 514 241 diuidente.

267 258 336 300 38.
366 258 485 311 Ergo
530 257 575 298 in
618 257 712 311 ipso
756 256 883 298 huius
931 257 1136 312 conpagis
1186 256 1372 312 exordio,
1420 256 1494 298 ubi

148 316 335 371 Riphaei
379 316 582 357 deficiunt
625 318 806 369 montes,
849 315 1052 357 habitant
1094 315 1348 369 Arimphaei
1391 315 1496 358 iusti

150 375 359 428 homines,
389 374 726 429 placiditateque
759 375 933 429 cogniti,
965 389 1071 428 quos
1104 388 1250 415 amnes
1282 372 1496 416 Chronius
1515 387 1532 413 5

149 437 192 475 et
230 433 385 475 Visula
421 433 748 487 praeterfluunt3
787 433 991 487 iuxtaque
1029 432 1299 486 Massagetae
1335 431 1497 474 Halani

153 495 196 534 et
228 491 447 547 Sargetae,
478 491 638 545 aliique
670 492 814 546 plures
847 491 1031 544 obscuri,
1064 505 1246 545 quorum
1277 504 1354 532 nec
1374 504 1496 532 uoca-

151 551 255 592 bula
279 550 404 592 nobis
437 553 538 591 sunt
569 553 673 591 nota
704 564 780 591 1180
801 565 953 591 mores.
1004 550 1072 591 39.
1093 549 1320 590 interiectu
1346 548 1497 590 deinde

149 624 238 651 11011
279 609 482 650 mediocri
528 608 765 650 Carcinites
809 609 1012 662 panditur
1056 608 1172 649 sinus
1224 607 1497 662 eiusdemque

150 668 337 709 nominis
379 667 549 720 fluuius,
591 670 633 708 et
673 667 902 721 religiosus
941 681 1016 721 per
1048 681 1118 708 eas
1150 669 1288 707 terras
1321 665 1496 708 Triuiae

154 726 286 767 lucus.
346 726 416 767 40.
453 725 551 766 dein
585 725 877 780 Borysthenes
910 740 935 766 a
965 725 1186 767 montibus
1219 725 1359 766 oriens
1391 723 1497 766 Ner-

149 785 344 838 uiorum,
393 784 664 838 primigeniis
715 784 906 825 fontibus
958 784 1155 837 copiosus
1207 796 1498 837 concursuque

150 843 388 884 multorum
420 843 611 883 amnium
650 843 911 896 adulescens,
950 843 1058 884 mari
1096 841 1339 896 praeruptis
1371 840 1499 882 unda-

154 916 250 942 rum
282 901 516 942 uerticibus
550 901 789 954 intimatur,
821 902 940 942 cuius
978 902 1023 942 in
1054 899 1324 953 marginibus
1356 913 1499 941 nemo-

151 960 262 1001 rosis
282 958 574 1013 Borysthenes
608 963 674 1000 est
705 960 859 1001 ciuitas
892 963 933 1000 et
961 958 1293 1013 Cephalonesus,
1324 961 1368 999 et
1399 971 1498 1000 asae

153 1017 400 1059 Alexandro
409 1017 567 1071 Magno
578 1018 836 1072 Caesarique
850 1018 1049 1071 Augusto
1065 1020 1268 1058 sacratae.
1288 1017 1357 1058 41.
1370 1016 1498 1071 longo

151 1076 301 1117 exinde
333 1076 565 1117 interuallo
585 1090 719 1129 paene
741 1080 806 1118 est
826 1077 978 1130 insula,
1011 1091 1138 1130 quam
1165 1075 1359 1117 incolunt
1379 1073 1499 1116 Sindi

152 1134 386 1189 ignobiles,
425 1137 522 1187 post
555 1134 712 1175 heriles
751 1135 795 1175 111
827 1135 933 1176 Asia
965 1149 1087 1176 casus
1120 1133 1331 1188 coniugiis
1369 1133 1500 1187 potiti

152 1194 424 1235 dominorum
462 1195 504 1234 et
535 1193 676 1247 rebus,
716 1194 871 1247 quibus
917 1194 1156 1234 subiectum
1194 1191 1355 1246 gracile
1393 1191 1498 1234 litus

146 1247 373 1305 Ἀχιλλέως
412 1254 572 1293 uocant
614 1252 839 1305 indigenae
882 1249 1070 1306 δρόμον,
1121 1250 1335 1292 exercitiis
1380 1250 1498 1292 ducis

152 1310 368 1364 quondam
400 1309 599 1351 Thessali
638 1310 975 1352 memorabilem.
1038 1311 1160 1364 eique
1200 1309 1397 1363 proxima
1435 1312 1501 1350 est

149 1369 304 1410 ciuitas
338 1368 487 1422 ‚Tyros
527 1369 695 1410 colonia
733 1368 1013 1419 Phoenicum,
1052 1383 1181 1422 quam
1218 1367 1501 1422 praestringit

155 1427 310 1468 fluuius
347 1426 496 1481 Tyras.

269 1486 338 1526 42.
370 1485 419 1526 ln
454 1485 593 1527 medio
627 1489 770 1527 autem
810 1486 950 1539 spatio
983 1499 1118 1537 arcus,
1158 1484 1269 1539 quod
1306 1484 1500 1538 prolixae

151 1543 430 1585 rotunditatis
470 1559 562 1585 esse
600 1544 901 1598 praediximus,
941 1544 1136 1598 quodque
1175 1543 1373 1597 expedito
1412 1543 1553 1584 uia-2⁶

151 1602 237 1643 tori
270 1602 418 1643 diebus
452 1603 674 1643 conficitur
693 1603 947 1656 quindecim,
978 1602 1195 1656 Europaei
1223 1604 1323 1643 sunt
1341 1601 1502 1644 Halani

152 1663 196 1701 et
228 1658 492 1702 Costobocae
532 1664 764 1715 gentesque
798 1660 1056 1714 Scytharum
1094 1661 1355 1714 imiumerae,
1393 1674 1501 1714 quae

152 1719 434 1772 porriguntur
467 1718 519 1760 ad
552 1734 685 1774 usque
725 1723 862 1760 terras
901 1720 991 1760 sine
1024 1719 1198 1773 cognito
1232 1718 1314 1760 fine
1346 1718 1501 1760 disten-

151 1780 244 1830 tas,
287 1792 467 1831 quarum
511 1792 610 1831 pars
655 1778 809 1831 exigua
860 1778 1058 1831 frugibus
1103 1777 1258 1830 alitur,
1308 1776 1500 1818 residuae

152 1849 300 1876 omnes
333 1836 530 1889 palantes
562 1850 637 1889 per
669 1836 922 1877 solitudines
955 1839 1101 1877 uastas
1126 1850 1203 1877 nec
1236 1835 1394 1877 stiuam
1426 1834 1554 1876 ali-ao

155 1894 324 1947 quando
357 1908 435 1936 nec
469 1898 704 1936 sementem
725 1898 935 1948 expertas,
968 1894 1040 1935 sed
1061 1894 1306 1948 squalentes
1327 1896 1370 1935 et
1389 1893 1501 1948 prui-

152 1967 278 1994 nosas
312 1953 498 1995 ferarum
536 1956 676 1995 taetro
715 1953 802 1994 ritu
835 1957 1076 2006 uescuntur,
1115 1953 1260 2007 eisque
1298 1952 1500 1994 caritates

153 2013 197 2050 et
234 2010 495 2066 habitacula,
539 2012 731 2066 uilesque
777 2010 1095 2066 suppellectiles
1140 2011 1344 2065 plaustris
1382 2010 1501 2064 inpo-

155 2068 262 2110 sitae
295 2072 396 2110 sunt
428 2070 660 2112 corticibus
688 2070 827 2124 tectis,
859 2074 901 2112 et
934 2084 1030 2112 cum
1061 2069 1287 2124 placuerit,
1319 2069 1409 2110 sine
1429 2068 1501 2111 ob-

239 2187 262 2217 4
286 2185 433 2218 montes
460 2184 494 2217 G
519 2193 647 2218 omnes
678 2183 789 2219 VPba
882 2188 902 2219 ὓ
927 2183 1048 2218 bisula
1071 2183 1177 2218 codd.
1265 2186 1283 2217 7
1308 2182 1500 2217 Sarmatae

153 2227 221 2271 δρα
268 2231 309 2262 17
335 2238 431 2272 pene
462 2227 574 2272 VPby
598 2228 716 2263 Peuce
740 2230 776 2263 A
867 2229 936 2263 *18
962 2229 998 2262 in
1024 2228 1092 2273 bya
1117 2228 1128 2261 i
1159 2227 1226 2263 VI»
1316 2227 1386 2262 *20
1410 2226 1500 2262 ahil-

150 2271 326 2351 11318181ἒοῗὶ
326 2272 426 2351 lind.
454 2272 609 2307 dromon
632 2273 666 2307 V
725 2277 767 2307 ‘2⁵2
785 2273 932 2308 colonia
956 2273 1020 2318 bya
1047 2272 1193 2308 colonio
1225 2271 1290 2307 VP
1360 2275 1400 2306 31
1428 2271 1500 2305 rui·
1544 2276 1553 2293 '›
