1573 2508
124 77 184 120 34
664 73 769 108 xlm
797 77 850 115 10,
875 75 986 106 6-14
1532 0 1559 89 ᾖ

133 184 265 225 opera
315 169 500 223 diligens
550 167 716 220 hocque
765 166 901 208 dilato
944 165 1157 207 Eusebius
1208 164 1482 219 praepositus

131 228 317 271 cubiculi
349 227 506 268 missus
539 227 606 265 est
632 224 861 266 Cabillona
893 238 1043 266 aurum
1075 237 1218 265 secum
1249 223 1484 277 perferens,
1548 231 1559 271 ³,

133 301 216 342 quo
260 300 334 339 per
378 284 653 325 turbulentos
692 283 951 324 seditionum
989 282 1228 324 concitores
1272 281 1481 323 occultius
1551 294 1559 337 ι,

133 345 363 386 distributo
396 346 439 384 et
469 345 613 383 tumor
646 341 870 382 consenuit
901 342 1088 382 militum
1121 344 1164 381 et
1195 340 1312 381 salus
1340 342 1408 381 est
1438 339 1485 380 in
1550 343 1559 389 3

134 406 230 444 tuto
263 403 410 443 locata
441 400 660 455 praefecti.
709 399 859 441 deinde
892 400 987 441 cibo
1020 399 1185 441 abunde
1218 398 1385 452 perlato
1418 412 1483 439 ea·
1503 407 1520 434 5
1552 397 1559 431 ἱ

135 465 226 502 stra
245 461 312 501 die
332 459 550 514 praedicto
572 461 671 499 sunt
691 462 820 499 mota.
862 459 900 500 6.
922 458 1104 499 emensis
1126 457 1271 511 itaque
1304 456 1484 498 difficul-

135 520 299 561 tatibus
338 518 487 559 multis
527 521 569 558 et
606 517 705 558 niue
744 517 911 558 obrutis
950 516 1132 558 callibus
1171 515 1371 570 plurimis
1410 514 1485 556 ubi

136 592 269 632 prope
308 576 553 618 Rauracum
596 578 773 617 uentum
817 578 882 616 est
927 576 979 616 ad
1023 574 1253 628 supercilia
1295 572 1484 615 fluminis

137 636 296 689 Rheni,
334 635 563 676 resistente
596 633 870 675 multitudine
902 633 1147 675 Alamanna
1183 635 1358 687 pontem
1397 645 1486 673 sus-

137 694 319 748 pendere
350 694 527 734 nauium
561 705 752 746 conpage
772 691 957 734 Romani
989 693 1032 733 ui
1064 692 1198 733 nimia
1224 691 1484 732 uetabantur
1505 687 1561 740 1οξ

139 753 226 794 ritu
258 752 480 806 grandinis
512 751 698 805 undique
731 751 1060 792 conuolantibus
1092 751 1211 803 telis,
1243 752 1286 791 et
1317 763 1412 791 cum
1444 748 1488 789 id

139 810 393 865 inpossibile
425 810 656 862 uideretur,
687 809 922 862 imperator
949 809 1286 863 cogitationibus
1318 807 1487 861 magnis
1556 824 1560 828 ·

141 869 365 921 attonitus,
397 868 497 922 quid
518 871 760 922 capesseret
780 868 1042 921 ambigebat.
1099 868 1136 908 7.
1157 881 1251 908 ecce
1273 868 1417 908 autem
1437 879 1489 906 ex
1542 883 1561 902 .-

141 928 361 981 inprouiso
399 927 525 968 index
565 927 737 981 quidam
768 927 995 980 regionum
1033 939 1193 980 gnarus
1233 924 1408 966 aduenit
1445 926 1489 964 et
1556 948 1558 950 -

142 985 334 1027 mercede
378 988 554 1039 accepta
604 985 812 1026 uadosum
863 985 1004 1026 locum
1053 987 1177 1026 nocte
1227 982 1489 1025 monstrauit
1509 991 1544 1017 15

142 1045 251 1085 unde
284 1044 478 1098 superari
509 1043 652 1097 potuit
683 1043 858 1084 flumen:
891 1046 933 1084 et
964 1044 1177 1097 potuisset
1196 1043 1404 1084 aliorsum
1429 1041 1490 1082 in-

140 1103 274 1144 tentis
319 1102 518 1143 hostibus
563 1102 772 1142 exercitus
818 1101 914 1143 inde
953 1104 1248 1155 transgressus
1286 1100 1407 1142 nullo
1447 1099 1491 1140 id

143 1162 347 1215 opinante
385 1163 537 1201 cuncta
574 1163 764 1212 uastare,
807 1160 852 1200 ni
895 1161 1019 1214 pauci
1064 1175 1114 1201 ex
1159 1159 1306 1201 eadem
1351 1160 1492 1213 gente,
1559 1179 1562 1182 ⁴

145 1219 300 1275 quibus
333 1222 426 1260 erat
462 1218 754 1259 honoratioris
787 1218 970 1259 militiae
1003 1233 1103 1260 cura
1135 1218 1382 1272 commissa,
1419 1230 1490 1270 po·
1556 1246 1558 1250 -

144 1278 316 1332 pulares
349 1292 448 1318 suos
481 1277 586 1318 haec
617 1291 693 1330 per
725 1277 899 1318 mmtios
931 1277 1177 1318 docuissent
1208 1276 1412 1330 occultos,
1443 1277 1491 1316 ut
1509 1284 1546 1310 2⁰

145 1336 318 1391 quidam
339 1335 657 1377 existimabant.
702 1335 739 1376 8.
754 1335 996 1376 infamabat
1016 1338 1158 1377 autem
1178 1335 1285 1376 haee
1304 1333 1494 1388 suspicio

145 1395 347 1436 Latinum
379 1394 709 1435 domesticorum
731 1394 931 1435 comitem
950 1398 994 1435 et
1013 1394 1244 1448 Agilonem
1270 1393 1491 1434 tribunum

148 1453 309 1494 stabuli
348 1454 476 1506 atque
516 1451 787 1494 Scudilonem
820 1450 1115 1494 Scutariorum
1153 1454 1380 1505 rectorem,
1419 1450 1492 1505 qui

145 1515 248 1553 tlmc
279 1514 328 1552 ut
358 1511 520 1551 dextris
553 1510 640 1552 suis
673 1513 894 1564 gestantes
926 1525 1016 1552 rem
1046 1511 1265 1565 publicam
1297 1509 1492 1552 coleban-
1556 1529 1559 1532 >

147 1574 229 1611 tur.
269 1569 308 1610 9.
323 1572 369 1610 at
387 1569 563 1610 barbari
583 1571 780 1623 suscepto
793 1583 873 1622 pro
888 1569 1144 1611 instantium
1163 1584 1306 1611 rerum
1326 1568 1492 1610 ratione
1511 1576 1546 1603 25

149 1628 346 1681 consilio,
390 1627 690 1668 dirimentibus
734 1627 846 1669 forte
890 1628 1135 1682 auspicibus
1176 1628 1246 1670 uel
1290 1626 1494 1682 congredi

146 1686 404 1741 prohibente
437 1687 694 1727 auctoritate
732 1700 967 1740 sacrorum,
1006 1687 1176 1729 mollito
1208 1687 1371 1741 rigore,
1409 1699 1493 1740 quo

149 1745 349 1786 fidentius
381 1745 660 1798 resistebant,
692 1745 922 1798 optimates
955 1746 1109 1787 misere
1142 1745 1395 1786 delictorum
1426 1757 1495 1785 ue-
1561 1792 1563 1794 ,

148 1803 268 1845 niam
282 1803 492 1857 petituros
515 1807 557 1844 et
570 1817 731 1857 pacem.
767 1803 973 1844 latentis
990 1804 1122 1858 igitur
1135 1803 1251 1858 regis
1271 1803 1493 1857 utriusque

150 1862 308 1915 legatis
330 1865 372 1902 et
391 1862 566 1915 negotio
587 1861 740 1902 tectius
761 1861 832 1902 diu
864 1865 1045 1915 pensato
1067 1877 1162 1904 011111
1193 1876 1344 1916 pacem
1370 1874 1492 1916 opor-
1512 1869 1547 1896 80

148 1930 240 1961 tere
273 1920 423 1974 tribui,
457 1935 564 1974 quae
597 1920 720 1961 iustis
754 1920 1074 1962 condicionibus
1105 1921 1352 1975 petebatur,
1383 1934 1494 1961 eam-

1555 742 1561 771 „<
1552 668 1561 686 ι
1551 601 1561 651 -.Α
1553 487 1560 588 ...β-,μ
1554 447 1559 468 --

243 2044 258 2074 1
291 2040 435 2084 hocque
460 2042 495 2074 A
525 2040 670 2084 hacque
701 2041 768 2076 VP
797 2051 865 2079 om,
889 2041 933 2085 by
996 2086 1001 2092 .
1024 2040 1141 2111 dilato¹
1170 2040 1339 2075 Valesius
1368 2038 1495 2074 delato

993 2088 1018 2111 it

154 2118 261 2152 VAP
284 2128 350 2153 om.
376 2118 418 2158 bq
471 2123 490 2152 3
517 2118 740 2153 seditionum
766 2119 823 2154 Pb
848 2130 871 2152 a
896 2118 960 2153 sed
985 2119 1025 2153 et
1053 2118 1176 2153 ionam
1206 2117 1240 2151 V
1289 2121 1310 2152 5
1333 2117 1414 2152 tuto
1443 2115 1496 2150 V²

153 2163 259 2207 Pbya
283 2164 366 2197 tota
397 2155 442 2196 V¹
539 2162 620 2197 cibo
648 2163 681 2196 G
705 2164 777 2198 cito
832 2164 913 2198 Pba
988 2168 1007 2197 9
1032 2163 1256 2207 suspendere
1285 2161 1319 2197 G
1342 2171 1494 2206 suspen—

152 2207 289 2242 derunt
313 2207 423 2242 VPba
473 2210 512 2241 16
537 2207 720 2241 mittentis
745 2208 776 2241 V
823 2212 861 2243 17
883 2208 1065 2243 exercitus
1083 2227 1123 2233 —
1144 2211 1184 2242 18
1197 2207 1344 2242 uastare
1367 2205 1405 2240 ni
1425 2215 1492 2240 om.

153 2252 236 2296 Pby
273 2253 421 2286 uastare
459 2253 495 2286 ni
521 2252 555 2285 A
580 2253 773 2286 uastarent
802 2253 834 2285 V
917 2257 957 2287 19
981 2251 1137 2286 militiae
1165 2251 1199 2285 G
1225 2251 1353 2285 militis
1383 2250 1495 2285 VPba

151 2301 196 2376 351)
220 2296 348 2375 protG
372 2307 449 2374 οὗνῖ)
468 2296 579 2331 VPba
625 2299 667 2330 27
692 2297 928 2340 prohibentia
956 2296 1023 2331 VP
1069 2297 1190 2341 rigore
1218 2295 1252 2330 G
1276 2296 1397 2341 rigere
1428 2294 1496 2328 VP

221 2353 278 2376 lus
298 2353 353 2374 lus
