1614 2549
407 80 742 116 CONSTANTIVS
765 81 826 116 ΕΤ
850 80 1080 116 IVLIANVS
1105 85 1170 117 359
1382 81 1464 124 189

112 175 230 217 bitur
265 188 510 229 prosperOS,
549 175 745 230 quodque
783 174 991 216 Anatolio
1029 178 1207 230 regente
1245 178 1347 217 tunc
1384 191 1462 231 per

110 233 335 288 Illyricum
363 232 676 287 praefecturam
705 235 946 275 necessaria
972 237 1125 275 cuncta
1141 234 1212 275 uel
1233 237 1331 276 ante
1356 237 1462 276 tem-

111 307 191 346 pus
230 294 379 333 coacta
417 291 508 332 sine
545 292 677 333 ullius
716 292 948 346 dispendiis
989 293 1245 334 adfluebant.
1307 294 1346 334 3.
1383 308 1460 335 nec

113 351 228 392 enim
259 350 612 404 dispositionibus
632 365 835 405 umquam
867 351 1044 392 alterius
1076 351 1382 405 praefecturae,
1414 356 1462 394 ut

79 423 95 448 5
114 409 228 450 inter
260 424 408 450 omnes
447 412 629 463 constat,
668 410 722 450 ad
758 423 958 463 praesens
990 409 1178 451 Arctoae
1214 411 1462 464 prouinciae

112 468 237 509 bonis
270 468 468 509 omnibus
500 468 746 522 floruerunt,
778 468 1042 509 correctione
1073 469 1356 511 titubantium
1394 470 1464 511 be-

111 527 260 568 niuola
291 530 334 568 et
366 526 546 579 sollerti,
577 526 866 568 uehiculariae
896 527 959 568 rei
990 527 1166 568 iacturis
1200 528 1462 583 ingentibus,

115 600 222 640 quae
267 585 455 626 clausere
500 586 648 626 domos
693 586 939 626 innumeras
984 588 1027 626 et
1071 587 1258 627 censuali
1301 587 1464 641 profes-

114 644 232 685 sione
274 644 467 698 speciosa
503 644 656 685 fiducia
688 644 925 685 releuatae:
969 644 1274 699 indemnesque
1313 646 1463 688 deinde

63 717 96 741 10
116 705 159 743 et
190 702 353 744 innoxii
386 717 533 743 earum
563 702 729 744 incolae
767 703 957 756 partium
997 703 1269 757 querelarum
1308 705 1462 760 sopitis

114 761 307 802 materiis
346 762 554 814 uiuerent,
592 761 637 802 111
675 764 824 815 postea
863 762 1173 816 exquisitorum
1214 763 1465 805 detestanda

113 820 290 861 nomina
319 820 548 861 titulorum
578 834 654 874 per
674 820 897 862 offerentes
931 821 1298 876 suscipientesque
1325 822 1466 863 crimi-

114 893 217 920 nose
250 879 296 919 in
326 879 463 919 maius
498 882 772 933 exaggerata,
803 879 871 920 his
903 893 1174 933 propugnare
1208 881 1291 921 sibi
1328 881 1465 922 niten-

114 937 230 978 tibus
263 939 512 991 potestates,
544 938 632 978 illis
655 938 896 979 adtenuatis
918 938 1109 979 omnium
1129 939 1281 992 opibus
1309 954 1352 980 se
1372 939 1464 980 fore

63 1009 96 1035 15
117 996 389 1050 sperantibus
422 998 554 1050 tutos,
586 996 639 1037 ad
658 1011 791 1050 usque
822 997 1159 1050 proscriptiones
1192 998 1465 1039 miserorum-

116 1068 195 1108 que
229 1055 457 1109 suspendia
487 1058 786 1109 peruenerunt.

233 1114 272 1154 4.
302 1113 413 1154 Rem
456 1114 590 1168 igitur
636 1114 936 1155 emendaturus
979 1117 1205 1168 urgentem
1245 1115 1464 1168 profectus

115 1187 211 1213 cum
242 1172 541 1213 instrumentis
575 1172 816 1214 ambitiosis
849 1173 1094 1226 imperator,
1125 1175 1172 1213 ut
1196 1173 1358 1214 dictum
1390 1177 1467 1227 est,

117 1230 340 1272 Valeriam
377 1231 513 1284 uenit,
550 1234 719 1285 partem
758 1231 971 1285 quondam
1008 1231 1267 1286 Pannoniae,
1299 1232 1372 1273 sed
1414 1233 1467 1274 ad

64 1304 98 1329 20
116 1289 325 1331 honorem
363 1289 563 1330 Valeriae
602 1289 864 1331 Diocletiani
906 1289 1021 1330 filiae
1061 1292 1102 1331 et
1142 1290 1387 1332 institutam
1425 1294 1468 1332 et

116 1349 179 1389 ita
211 1349 572 1402 cognominatam,
604 1349 682 1389 sub
708 1348 979 1402 pellibusque
1001 1349 1189 1390 exercitu
1208 1349 1360 1390 diffuso
1392 1364 1468 1404 per

115 1406 258 1448 Histri
301 1407 490 1448 fluminis
534 1407 750 1462 margines
800 1407 1009 1448 barbaros
1061 1408 1319 1450 obseruabat
1370 1411 1467 1450 ante

117 1465 348 1507 aduentum
381 1480 503 1507 suum
536 1466 750 1507 amicitiae
776 1465 1019 1507 uelamento
1040 1466 1284 1508 Pannonias
1316 1467 1468 1508 furtim

116 1525 347 1566 uastandas
385 1524 586 1566 inuadere
624 1525 778 1565 hiemis
818 1525 1046 1566 durissimo
1081 1526 1333 1579 cogitantes,
1373 1540 1468 1567 cum

64 1597 98 1622 25
117 1598 195 1624 nec
215 1583 315 1625 dum
347 1583 513 1624 solutae
533 1584 677 1624 uernis
699 1583 913 1625 caloribus
932 1584 1053 1624 niues
1082 1599 1251 1625 amnem
1281 1585 1468 1639 undique

115 1642 313 1696 peruium
355 1642 519 1683 faciunt
561 1643 782 1697 nostrique
826 1642 992 1696 pruinis
1037 1643 1283 1684 subdiuales
1325 1658 1467 1685 moras

117 1700 292 1742 difficile
324 1701 581 1742 tolerabant.

236 1760 275 1801 5.
308 1758 548 1801 Confestim
578 1760 723 1814 ita-que
755 1760 898 1801 missis
933 1760 985 1801 ad
1004 1760 1271 1815 Limigantes
1305 1761 1468 1802 duobus

4 1853 8 1872 ζ
119 1819 305 1860 tribunis
340 1833 435 1860 cum
473 1819 781 1873 interpretibus
822 1819 1004 1873 singulis
1044 1820 1298 1873 explorabat
1329 1820 1470 1860 mode-

4 1901 9 1916 .
66 1890 100 1915 30
120 1877 227 1918 stius
258 1877 586 1931 percunctando,
619 1892 747 1931 quam
779 1878 832 1918 ob
864 1892 955 1918 rem
985 1878 1148 1919 relictis
1175 1878 1339 1919 laribus
1370 1881 1470 1932 post

118 1950 270 1990 pacem
302 1939 343 1976 et
375 1935 548 1977 foedera
584 1936 829 1990 petentibus
863 1936 1090 1977 adtributis
1123 1937 1185 1978 ita
1222 1937 1470 1990 palarentur

112 2009 191 2048 per
209 1995 331 2036 uaria
362 1994 605 2048 limitesque
627 1997 776 2036 contra
803 1995 1032 2036 interdicta
1054 1995 1287 2048 pulsarent.
1338 1996 1375 2036 6.
1397 1996 1470 2050 qui

120 2067 234 2094 uana
274 2053 482 2107 quaedam
520 2056 743 2094 causantes
795 2056 836 2094 et
886 2053 1028 2107 inrita,
1071 2068 1231 2107 pauore
1270 2054 1470 2108 adigente

122 2112 313 2165 mentiri,
357 2112 595 2165 principem
640 2113 877 2153 exorabant
908 2113 953 2153 in
991 2113 1161 2154 ueniam
1194 2113 1469 2154 obsecrantes

212 2231 232 2260 2
255 2225 433 2260 ilh'rioum
468 2226 503 2260 V
568 2227 775 2261 necessaria
810 2246 853 2251 -—-
889 2232 909 2261 3
933 2227 1046 2261 ullius
1079 2227 1165 2262 add.
1208 2228 1263 2262 Vm
1333 2232 1353 2262 6
1382 2228 1470 2262 tuti-

120 2271 292 2322 bantium
322 2271 356 2304 V
445 2276 486 2306 13
517 2282 754 2329 propugnare
790 2271 960 2306 Valesius
989 2272 1221 2317 propugnari
1250 2273 1354 2308 codd.
1387 2284 1470 2328 pfo-

121 2316 959 2407 {3g1533t1-Q1t4>Psstestss-{ssefffflt58³²}
987 2317 1472 2407 {3921222233123243251533
