1573 2508
100 76 184 118 190
589 73 729 110 xvnn
757 78 810 118 ιι,
834 77 944 109 7—16

96 174 143 212 ut
174 169 392 211 simultate
413 168 577 210 abolita
606 169 860 210 transmisso
892 167 1067 210 flumine
1087 168 1138 210 ad
1172 183 1267 211 eum
1294 170 1441 212 uenire

97 229 445 283 permitterentur
489 227 667 281 docturi,
711 241 818 281 quae
856 227 1115 269 sustinerent
1159 228 1439 284 incommoda,

94 288 316 342 paratique
354 287 469 327 intra
507 285 648 339 spatia
685 285 802 327 orbis
834 284 1032 339 Romani,
1068 286 1105 327 si
1141 286 1185 328 id
1216 287 1440 342 placuerit,

94 350 229 387 terras
263 345 476 399 suscipere
508 344 637 398 longe
658 344 875 398 discretas,
908 346 955 385 ut
973 344 1173 386 diuturno
1198 345 1289 387 otio
1322 346 1440 388 inuo-

94 405 175 446 luti
217 407 259 444 et
301 404 498 452 Quietem
543 403 730 444 colentes
775 406 995 457 tamquam
1039 403 1272 445 salutarem
1316 404 1439 447 deam

92 463 420 504 tributariorum
452 476 582 503 onera
613 462 808 503 subirent
840 465 883 502 et
912 476 1080 503 nomen.

214 522 250 562 7.
281 521 362 562 His
400 524 499 575 post
535 520 718 561 reditum
756 520 1028 562 tribunorum
1061 520 1274 575 conpertis
1307 521 1439 575 impe-

93 585 211 622 rator
244 580 439 622 exultans
472 583 519 620 ut
549 579 737 633 negotio,
770 580 880 634 quod
914 579 1088 620 rebatur
1125 579 1439 634 inexplicabile,

92 640 183 681 sine
217 639 306 680 ullo
344 639 519 693 puluere
552 638 882 680 consummando
916 641 1089 679 cunctos
1130 638 1315 692 admisit,
1351 639 1437 680 aui-

92 698 225 739 ditate
256 698 351 752 plus
384 697 569 739 habendi
602 697 811 750 incensus,
843 711 969 751 quam
995 696 1264 738 adulatorum
1285 697 1436 739 cohors

92 756 279 811 augebat
298 756 340 797 id
367 756 457 797 sine
477 756 603 797 modo
624 755 918 810 strepentium,
945 755 1058 810 quod
1078 756 1263 796 externis
1284 756 1436 810 sopitis

92 819 135 856 et
165 815 322 869 ubique
354 829 457 868 pace
491 815 714 869 conposita
744 813 1003 868 proletarios
1037 814 1273 855 lucrabitiu·
1291 815 1435 868 plures

92 878 135 915 et
164 874 363 915 tirocinia
397 887 548 927 cogere
579 874 740 927 poterit
770 872 1053 914 ualidissima:
1093 887 1242 914 aurum
1281 873 1437 927 quippe

91 935 313 987 gratanter
350 932 636 986 prouinciales
678 932 928 985 corporibus
971 931 1145 984 dabunt,
1189 946 1296 985 quae
1340 945 1436 986 spes

89 1006 180 1032 rem
200 991 439 1032 Romanam
459 991 718 1045 aliquotiens
739 990 1004 1044 adgrauauit.
1053 991 1091 1032 8.
1110 990 1287 1044 proinde
1318 991 1434 1032 uallo

90 1064 223 1103 prope
255 1048 525 1091 Acimincum
563 1050 702 1090 locato
742 1049 940 1103 celsoque
979 1062 1136 1103 aggere
1168 1049 1212 1090 in
1249 1050 1435 1104 speciem

89 1108 320 1149 tribunalis
353 1111 495 1149 erecto
528 1122 658 1149 naues
690 1107 895 1148 uehentes
929 1107 1135 1161 quosdam
1173 1107 1433 1162 legionarios

90 1167 308 1221 expeditos
347 1167 516 1207 alueum
554 1166 742 1207 fluminis
782 1166 1024 1220 proximum
1061 1166 1166 1220 ripis
1205 1166 1436 1209 obseruare

89 1229 188 1266 sruit
220 1226 359 1267 iussae
380 1240 475 1266 cuin
508 1224 758 1266 Innocentio
780 1224 962 1279 quodam
986 1225 1276 1279 agrimensore
1308 1225 1434 1268 huius

89 1289 260 1325 auctore
293 1283 474 1337 consilii,
506 1287 552 1325 ut
584 1284 620 1325 si
652 1283 859 1324 barbaros
891 1283 1152 1325 tumultuare
1190 1284 1435 1339 sensissent,

89 1343 294 1384 aliorsum
339 1343 526 1384 intentos
571 1346 670 1396 post
719 1345 843 1395 terga
891 1342 1173 1396 peruaderent
1215 1343 1434 1397 inprouisi.

89 1401 127 1442 9.
148 1416 256 1456 quae
277 1401 543 1455 Limigantes
577 1401 679 1442 licet
709 1401 930 1455 properari
963 1401 1184 1455 sentirent,
1215 1401 1325 1442 nihil
1345 1405 1433 1443 tam

88 1474 288 1514 praeceps
331 1459 539 1514 fingentes
570 1460 743 1501 stabant
783 1460 960 1514 incurui,
1001 1460 1129 1514 longe
1167 1460 1265 1514 alia,
1305 1475 1433 1515 quam

88 1533 195 1573 quae
227 1523 351 1573 gestu
383 1518 682 1572 praeferebant
703 1521 744 1560 et
776 1519 918 1560 uerbis
951 1518 1065 1572 altis,
1097 1519 1309 1560 mentibus
1340 1533 1434 1573 per-

86 1581 328 1631 pensantes.

208 1637 272 1677 lo.
293 1636 483 1689 Visoque
517 1636 775 1689 imperatore
797 1650 846 1676 ex
868 1636 956 1677 alto
990 1640 1198 1690 suggestu
1230 1636 1316 1677 iam
1347 1651 1431 1677 ser-

86 1709 255 1736 monem
290 1697 466 1748 parante
500 1694 777 1748 lenissimum,
809 1694 1126 1749 meditanteque
1159 1694 1332 1749 adloqui
1363 1710 1432 1736 ue-

86 1753 151 1794 lut
182 1753 419 1807 morigeros
453 1753 538 1793 iam
570 1753 750 1806 futuros,
782 1753 952 1806 quidam
974 1768 1023 1794 ex
1056 1753 1144 1794 illis
1177 1754 1319 1794 furore
1339 1768 1430 1807 per-

86 1812 194 1853 citus
238 1812 360 1863 truci‚
405 1811 546 1852 calceo
591 1826 666 1853 suo
708 1812 751 1852 in
795 1811 987 1852 tribmial
1032 1814 1228 1853 contorto
1269 1811 1432 1854 ‘marha

87 1869 264 1924 marha‚'
310 1870 422 1924 quod
465 1873 531 1911 est
568 1870 678 1924 apud
717 1885 788 1911 cos
827 1871 997 1924 signum
1041 1870 1256 1924 bellicum,
1296 1871 1430 1912 excla-

85 1929 221 1970 mauit
251 1943 430 1983 eumque
463 1932 606 1970 secuta
637 1929 854 1970 incondita
886 1929 1114 1970 multitudo
1135 1929 1294 1970 uexillo
1316 1929 1429 1971 elato

85 1991 258 2040 repente
295 1987 520 2028 barbarico
561 1987 729 2028 ululans
768 1988 903 2029 ferum
936 1987 978 2028 in
1016 1988 1156 2041 ipsum
1195 1988 1429 2042 principem

176 2136 196 2165 5
221 2131 386 2174 quietem
414 2132 482 2164 GA
508 2131 653 2174 quietes
683 2130 715 2164 V
737 2131 872 2174 quietis
895 2131 953 2166 Pb
1044 2135 1064 2165 6
1089 2129 1371 2165 tributariorum
1386 2151 1429 2156 —

83 2179 101 2210 7
128 2175 289 2209 reditum
315 2186 381 2209 om.
407 2175 426 2209 b
517 2180 537 2209 9
562 2175 640 2209 sine
678 2196 719 2200 —
757 2175 908 2210 admisit
930 2176 1017 2210 add.
1050 2175 1103 2209 Vm
1195 2175 1376 2210 auiditate
1392 2175 1430 2210 P

82 2219 320 2264 <auidi>tate
363 2219 395 2253 V
423 2219 629 2263 cupiditate
666 2220 732 2264 bya
828 2224 867 2254 12
892 2220 1112 2264 proletarios
1146 2220 1181 2254 G
1209 2219 1427 2264 prolatarios

89 2264 193 2299 VAP
216 2275 283 2322 per
307 2263 426 2298 latera
449 2264 469 2297 b
561 2268 603 2298 22
634 2266 710 2298 tam
741 2265 872 2309 scripsi
901 2266 1027 2300 tamen
1059 2264 1161 2298 codd.
1254 2268 1297 2299 23
1321 2273 1428 2308 prae-

83 2320 171 2354 ceps
199 2310 239 2355 (ιμ
255 2319 408 2353 praeces
430 2308 497 2342 VP
514 2309 669 2352 periculi
688 2309 732 2344 ba
751 2310 899 2352 praeter
923 2320 1051 2354 preces
1074 2307 1241 2344 Valesius
1302 2312 1344 2343 2⁷
1362 2319 1425 2353 pa·

82 2356 188 2388 rante
215 2355 248 2387 (r'
274 2364 404 2397 parare
436 2353 547 2388 VPba

1456 416 1474 443 5

1457 693 1555 742 10}

1456 1002 1490 1029 15

1453 1297 1489 1323 20

1451 1590 1486 1617 25

1448 1885 1484 1911 30
