1573 2508
132 65 216 107 222
685 58 752 94 XX
776 62 830 102 11,
854 60 966 94 4-12
1552 54 1573 104 '‘-l

254 158 294 199 4.
326 157 419 206 Quo
451 155 628 196 dimisso
661 168 686 194 a
705 150 976 206 Cappadocia
1006 149 1097 204 ipse
1123 162 1199 203 per
1217 145 1484 200 Melitenam,

136 217 314 258 minoris
346 213 575 257 Armeniae
608 211 823 266 oppidum,
861 212 905 251 et
933 208 1151 250 Lacotena
1181 208 1224 247 et
1256 203 1484 246 Samosata.

136 275 320 317 transito
353 272 574 327 Euphrate
606 270 814 312 Edessam
846 267 977 321 uenit,
1008 267 1152 320 ibique
1178 264 1278 306 dum
1309 261 1485 317 agmina

139 334 324 387 undique
357 330 704 373 conuenientium
735 327 924 369 militum
963 328 1006 367 et
1042 324 1104 366 rei
1137 322 1321 365 cibariae
1354 320 1485 362 abun-

137 393 287 433 dantes
317 390 460 445 copias
491 388 696 442 operitur,
727 387 798 428 diu
823 386 1016 427 moratus
1044 385 1144 437 post
1163 378 1479 435 aequinoctium
1498 397 1522 424 5.

139 449 358 505 egreditur
390 447 634 490 autumnale
667 445 866 487 Amidam
898 446 1061 498 petens.

257 508 296 549 5.
329 506 459 549 Cuius
493 520 588 548 cum
619 518 752 559 prope
785 502 976 544 uenisset
1007 498 1186 551 moenia,
1218 495 1381 538 fauillis
1413 508 1485 548 op-

138 567 257 622 pleta
289 566 558 608 conlustrans
597 563 729 604 flebat
761 576 855 603 cum
894 560 1071 615 gemitu,
1108 558 1310 610 reputans
1344 552 1485 609 qualis

140 625 381 667 miseranda
401 623 554 665 ciuitas
587 621 825 676 pertulerat
845 619 998 661 clades.
1049 617 1109 658 ibi
1141 618 1243 656 tunc
1274 613 1384 655 forte
1405 610 1486 652 Vr-

142 684 260 726 sulus
293 697 508 737 praesens,
541 681 613 736 qui
640 679 851 721 aerarium
882 677 1095 729 tuebatur,
1121 673 1272 715 dolore
1298 670 1486 726 percitus
1506 668 1569 717 ιοιὶ

142 741 398 784 exclamauit
429 740 495 781 ‘en
516 739 669 794 quibus
703 737 856 779 animis
887 735 1014 777 urbes
1048 749 1072 775 a
1104 732 1240 773 milite
1261 729 1489 771 defendun-
1564 720 1573 783 Ι

140 805 224 855 tur,
263 801 330 841 cui
367 802 416 841 ut
453 798 669 840 abundare
708 795 968 850 stipendium
1006 791 1144 847 possit
1181 788 1352 843 imperii
1385 800 1488 841 opes
1565 779 1573 838 ἶ

142 861 228 901 iam
260 859 465 900 fatiscunt
476 858 495 898 1⁷
547 856 658 912 quod
677 856 838 896 dictum
869 854 931 895 ita
951 864 1142 893 amarum
1163 847 1363 890 militaris
1384 844 1490 887 mul·
1564 842 1569 898 ξ

143 918 284 960 titudo
311 919 462 971 postca
494 916 605 970 apud
638 913 909 956 Chalcedona
940 909 1164 952 recordata
1195 906 1244 948 ad
1279 905 1368 946 eius
1407 903 1491 945 exi·

140 977 251 1018 tium
283 975 562 1017 consurrexit.
1508 982 1549 1008 1⁵

261 1035 299 1075 6.
331 1033 496 1075 Exinde
519 1032 660 1074 cuneis
683 1029 887 1072 confertis
920 1025 1118 1069 incedens
1152 1038 1246 1066 cuin
1266 1020 1491 1064 Bezabden

144 1094 408 1145 aduentaret‚
439 1091 534 1132 fixis
556 1089 768 1142 tentoriis,
798 1087 915 1128 uallo
948 1086 1244 1137 fossarumque
1265 1079 1491 1123 altitudine

144 1150 477 1204 circumsaeptis,
516 1148 769 1203 obequitans
794 1148 1033 1188 castrorum
1066 1141 1276 1184 ambitum
1307 1137 1492 1192 longius,

144 1210 376 1252 docebatur
408 1209 617 1250 relatione
650 1206 885 1247 multorum
923 1204 1165 1245 instaurata
1197 1213 1289 1240 esse
1328 1195 1492 1238 firmius

144 1270 250 1323 loca,
283 1282 390 1323 quae
423 1266 605 1308 antehac
637 1264 801 1306 incuria
822 1263 1069 1316 corruperat
1088 1257 1334 1301 uetustatis.
1386 1255 1423 1297 7.
1449 1257 1493 1295 et
1511 1276 1549 1302 20

144 1327 302 1382 nequid
322 1327 556 1378 omitteret,
589 1324 701 1379 quod
733 1324 831 1364 ante
864 1322 1078 1362 feruorem
1099 1315 1380 1359 certaminum
1401 1315 1496 1355 erat

145 1385 387 1427 necessario
408 1382 775 1438 praestruendum,
807 1380 912 1421 uiris
933 1376 1213 1433 prudentibus
1234 1373 1378 1415 missis
1399 1386 1494 1413 con-

145 1445 311 1486 dicione
343 1444 487 1497 posita
506 1442 634 1496 dupla
655 1440 839 1494 urgebat
859 1437 1074 1480 moenium
1094 1434 1336 1476 defensores
1356 1430 1494 1472 redire

147 1504 199 1545 ad
232 1517 344 1556 suos,
377 1501 529 1543 alienis
563 1501 653 1541 sine
681 1513 828 1540 cruore
859 1495 1084 1548 concessis,
1117 1495 1191 1534 aut
1221 1492 1266 1532 in
1285 1490 1495 1531 dicionem

147 1562 292 1603 uenire
333 1560 574 1601 Romanam
613 1557 896 1611 dignitatibus
942 1552 1158 1607 augendos
1202 1554 1238 1591 ct
1280 1547 1495 1604 praemiis.
1514 1568 1553 1595 25

147 1623 274 1675 atque
296 1634 391 1661 cum
412 1619 476 1659 illi
492 1617 777 1658 destinatione
798 1614 945 1656 natiua
965 1612 1251 1653 reniterentur
1270 1610 1318 1649 ut
1337 1606 1497 1648 claren-

146 1682 211 1720 tes
243 1677 529 1732 periculisque
559 1680 595 1715 et
625 1674 847 1716 laboribus
877 1673 962 1713 iam
993 1672 1143 1712 cuncta
1163 1665 1377 1710 obsidioni
1401 1678 1496 1706 con-

149 1751 256 1791 grua
287 1736 560 1790 parabantur.

241 1833 255 1862 l
285 1809 363 1869 (juo
395 1807 546 1860 dimisso
575 1826 607 1859 G
639 1823 738 1868 quod
770 1822 879 1856 misso
917 1820 1029 1854 VPba
1120 1821 1140 1851 2
1172 1816 1358 1864 Lacotena
1393 1812 1498 1848 VGA

1340 1866 1347 1884 1

149 1906 370 1941 Orchistena
394 1905 413 1938 b
483 1909 502 1937 3
529 1902 683 1936 transito
714 1900 818 1934 VGI’
843 1898 1053 1932 transmisso
1077 1895 1140 1930 rba
1222 1898 1243 1928 4
1267 1892 1437 1927 miletum
1468 1889 1499 1924 V

149 1962 213 1984 om.
239 1950 319 1994 qu
412 1948 572 1983 cidariae
606 1945 838 1980 adundantcs
869 1943 935 1977 VI’
1027 1946 1046 1974 9
1073 1937 1283 1973 miseranda
1321 1938 1354 1971 G
1389 1936 1498 1969 mise·

151 1995 284 2030 randas
333 1993 419 2028 VPb
530 1997 569 2026 κ)
601 1989 864 2034 <a0>erarium
903 1987 934 2021 V
1023 1985 1151 2018 dolore
1184 1982 1348 2028 percitus
1378 1980 1497 2015 excla-

149 2039 268 2074 mauit
291 2050 356 2072 om.
383 2039 403 2072 b
471 2041 541 2070 *13
568 2036 764 2069 lastis-cunt
793 2033 825 2066 V
897 2036 934 2065 14
958 2029 1176 2064 chalcidona
1207 2027 1239 2061 V
1307 2029 1346 2059 16
1371 2023 1498 2058 cuneis

153 2085 222 2118 GA
249 2083 370 2117 concis
402 2082 432 2116 V
477 2081 655 2116 consertis
679 2080 746 2124 hya
819 2081 857 2111 19
883 2075 1119 2111 docmbatur
1148 2072 1180 2106 V
1226 2070 1406 2120 relatione
1427 2067 1498 2103 GA

1389 2122 1397 2139 l

151 2161 350 2197 elationem
382 2160 469 2195 VPb
563 2163 605 2192 20
637 2157 771 2191 iniuria
803 2156 834 2189 (ι’
927 2151 1124 2187 uetustatis
1163 2150 1232 2183 GA
1267 2148 1426 2189 uirtutes
1468 2144 1502 2179 V

151 2207 309 2240 uirtutes
358 2206 391 2238 1’
490 2207 531 2237 ‘23
569 2202 728 2246 urgebat
767 2200 805 2234 C.
844 2198 889 2233 F.
932 2197 987 2232 W.
1026 2196 1164 2230 Maller
1199 2193 1359 2238 cogebat
1393 2189 1497 2225 codd.

150 2256 193 2285 24
225 2250 406 2285 concessit
440 2250 482 2282 ut
524 2248 636 2281 VI'ba
733 2250 776 2279 :25
812 2254 857 2277 au
889 2242 1002 2277 endos
1034 2242 1072 2275 et
1104 2242 1136 2274 G
1167 2236 1348 2283 augendis
1385 2234 1500 2269 VPba

150 2299 193 2330 26
219 2294 402 2329 clai-entes
425 2294 555 2336 scripsi
580 2292 677 2325 clarc
704 2289 780 2323 nati
811 2288 875 2322 Vc,
901 2285 1068 2321 damnati
1092 2284 1135 2319 ba
1227 2286 1269 2316 27
1295 2282 1333 2315 et
1355 2279 1444 2314 add.
1465 2278 1500 2313 G

152 2342 225 2375 iam
242 2340 374 2383 scripsi
388 2338 422 2372 in
438 2337 541 2372 codd.
558 2335 720 2370 indurati
742 2333 904 2368 Valesius
951 2340 1117 2376 congrua
1131 2329 1197 2373 bya
1211 2328 1384 2362 construxi.
1395 2322 1500 2361 codd.

1486 2471 1563 2508 ..uri
