1614 2549
405 93 743 131 CONSTANTIVS
766 93 828 128 ET
853 93 1088 129 IVLIANVS
1112 97 1179 130 360
1380 95 1465 137 213

117 191 261 232 tantes
282 188 436 230 arietes
457 187 587 229 denso
621 201 820 230 saxorum
839 187 1070 230 molarium
1099 186 1286 242 pondere
1305 186 1466 229 fomen-

117 249 258 302 tisque
290 247 456 301 ignium
487 246 621 288 uariis
653 246 716 288 ire
748 246 944 300 protinus
965 246 1237 288 uetabantur.
1301 245 1367 288 13.
1398 261 1467 288 ue-

117 321 213 348 rum
231 320 341 347 unus
374 305 486 347 aries
506 305 688 346 residuis
710 305 864 346 celsior
883 305 1065 347 umectis
1084 305 1268 347 taurinis
1290 307 1467 359 opertus

119 364 303 418 exuuiis,
340 363 521 419 ideoque
560 364 701 405 minus
741 377 862 405 casus
900 363 1122 405 flammeos
1159 363 1467 418 pertimescens

85 437 101 463 5
122 426 197 465 aut
227 423 329 477 tela,
362 425 636 477 antegressus
668 436 815 463 omnes
847 422 984 476 repsit
1014 422 1180 463 nisibus
1212 422 1383 476 magnis
1416 422 1469 463 ad

119 496 288 524 murum
318 484 529 535 uastoque
563 481 755 522 acumine
789 483 1046 535 coagmenta
1076 480 1270 535 lapidum
1301 480 1467 522 fodiens

119 540 275 582 turrim
307 540 498 581 laxatam
531 540 699 581 euertit.
762 554 846 594 qua
880 539 1023 580 sonitu
1053 538 1177 594 lapsa
1203 538 1371 593 ingenti
1403 553 1470 580 su-

119 601 362 653 perstantes
395 613 561 653 quoque
593 598 821 652 repentina
856 599 981 639 ruina
1012 598 1168 639 deiecti
1199 597 1469 652 diffiactique

119 658 188 699 uel
228 657 374 698 obruti
417 657 629 699 mortibus
673 657 873 698 interiere
919 657 1099 698 diuersis
1139 660 1182 698 et
1224 657 1469 710 insperatis,

68 730 100 755 10
120 717 381 771 inuentoque
424 716 586 757 tutiore
630 730 808 757 ascensu
846 718 1013 757 armata
1054 716 1188 757 inruit
1225 714 1470 757 multitudo.

242 775 308 815 14.
341 773 537 828 Trepidis
571 774 720 815 deinde
761 777 1060 828 superatorum
1099 773 1271 816 auribus
1304 773 1470 815 ululan-

121 834 230 875 tium
261 833 446 887 undique
466 833 695 875 Persarum
727 834 952 875 intonante
983 833 1155 887 fragore
1182 833 1318 874 artius
1350 846 1471 886 proe-

121 892 227 934 lium
259 892 374 933 intra
393 907 536 933 muros
570 892 741 946 exarsit,
773 891 965 933 hostium
984 895 1317 945 nostrorumque
1338 893 1470 932 cater-

120 951 186 992 uis
237 951 501 992 certantibus
552 950 813 1003 comminus,
863 965 958 991 cum
1009 949 1212 991 confertis
1263 949 1375 990 inter
1426 963 1470 990 se

70 1024 102 1049 15
123 1009 374 1063 corporibus
412 1008 513 1049 hinc
550 1009 731 1063 indeque
764 1009 916 1050 stricto
949 1023 1150 1050 mucrone
1187 1008 1297 1050 nulli
1331 1022 1472 1049 occur-

121 1068 308 1109 rentium
339 1070 598 1121 parceretur.
651 1067 716 1109 15.
743 1081 902 1122 magna
921 1068 1102 1122 denique
1134 1067 1261 1121 mole,
1294 1066 1473 1120 ancipiti

122 1126 194 1168 diu
214 1126 346 1167 exitio
378 1126 615 1167 renitentes
636 1126 802 1168 obsessi
833 1129 1052 1180 postremo
1078 1126 1219 1180 plebis
1251 1126 1471 1167 inmensae

121 1185 381 1239 ponderibus
404 1185 533 1226 effuse
556 1184 725 1226 disiecti
759 1188 868 1226 sunt.
920 1188 963 1226 et
993 1188 1093 1238 post
1123 1185 1229 1226 haec
1260 1185 1473 1226 iratorum

122 1244 313 1285 hostium
345 1243 479 1298 gladii
513 1243 713 1298 quicquid
752 1243 937 1285 inueniri
974 1246 1147 1297 poterat
1179 1243 1474 1298 concidebant,

70 1318 103 1342 20
124 1302 377 1356 abreptique
411 1302 575 1344 sinibus
608 1305 795 1343 matrum
826 1302 1010 1356 paruuli,
1041 1303 1159 1356 ipsae
1187 1316 1354 1356 quoque
1386 1316 1474 1343 ma·

122 1364 210 1402 tres
230 1360 568 1415 trucidabantur,
599 1361 718 1402 nullo
741 1361 842 1415 quid
862 1363 1010 1415 ageret
1028 1363 1310 1415 respectante.
1360 1360 1474 1401 inter

122 1423 213 1461 tam
243 1420 415 1460 funesta
446 1432 550 1474 gens
582 1420 777 1473 rapiendi
809 1420 1014 1474 cupidior,
1046 1422 1202 1461 onusta
1234 1419 1474 1473 spoliorum

124 1492 279 1533 genere
312 1478 441 1532 omni,
473 1478 823 1533 captiuorumque
844 1492 1024 1520 examen
1042 1479 1277 1520 maximum
1304 1478 1475 1531 ducens,

123 1537 313 1579 tentoria
343 1537 546 1590 repetiuit
579 1537 788 1579 exultans.
955 1563 969 1579 0

71 1610 105 1636 25
244 1596 312 1637 16.
342 1595 435 1637 Rex
466 1599 612 1637 tamen
644 1596 801 1650 gaudio
834 1596 1040 1637 insolenti
1073 1597 1210 1637 elatus
1232 1595 1386 1650 diuque
1408 1593 1475 1636 de-

126 1654 281 1696 siderio
315 1654 544 1708 capiendae
564 1654 834 1696 Phaenichae
866 1654 1070 1710 flagrans,
1101 1654 1358 1696 munimenti
1382 1667 1476 1708 per-

125 1728 253 1768 quam
283 1713 551 1767 tempestiui,
581 1728 668 1754 non
700 1716 798 1755 ante
827 1713 1026 1755 discessit
1053 1728 1180 1768 quam
1212 1713 1476 1754 labefactata

124 1786 345 1814 murorum
382 1775 505 1825 parte
536 1775 736 1826 reparata
772 1772 1018 1814 firmissime
1058 1772 1361 1826 alimentisque
1406 1770 1474 1812 ad-

125 1831 251 1872 fatim
295 1830 478 1872 conditis
523 1833 710 1872 armatos
761 1831 823 1872 ibi
867 1831 1032 1872 locaret
1074 1831 1257 1885 insignis
1309 1829 1475 1884 origine

72 1905 106 1930 so
126 1889 315 1944 bellique
348 1889 512 1930 artibus
545 1889 697 1931 claros.
745 1890 975 1931 uerebatur
1007 1890 1132 1943 enim,
1165 1889 1278 1943 quod
1310 1887 1477 1942 accidit,

126 1962 179 1990 ne
225 1948 500 1989 amissionem
545 1951 785 1990 castrorum
825 1948 1066 2002 ingentium
1110 1948 1296 1989 ferentes
1347 1959 1476 2001 aegre

131 2108 650 2189 vajss⁰5ssffliam⁰¹assi¹ss¹³5
671 2108 719 2187 ᾖ
750 2113 824 2189 120?
849 2109 1086 2189 ῑζέἶέἓῖἷ
1117 2112 1186 2188 Βῑέ
1238 2109 1478 2188 θώῒθὲἓῗῗ

127 2200 259 2235 menta
287 2181 422 2249 bya⁰eo
448 2199 625 2248 agmenta
643 2165 720 2233 Il⁷P
768 2165 791 2199 9
812 2203 832 2234 9
865 2166 1029 2234 ἀέυθτείε
1060 2166 1113 2233 exi)
1140 2198 1176 2233 V
1264 2202 1306 2233 17
1337 2165 1479 2234 obsesgsi

132 2244 276 2279 VGAP
293 2244 422 2278 obsisti
434 2243 475 2278 rb
523 2246 565 2277 21
582 2243 728 2277 interea
744 2243 813 2288 bya
857 2247 900 2277 22
917 2245 995 2278 tam
1012 2244 1116 2279 codd,
1129 2244 1256 2278 tamen
1276 2243 1310 2278 G
1364 2247 1408 2278 24
1420 2253 1477 2277 re·

127 2289 267 2334 petiuit
289 2289 357 2334 bya
380 2287 543 2333 repetiui
567 2287 671 2322 codd.
764 2292 807 2324 25
832 2288 952 2323 elatus
978 2288 1049 2324 GA
1073 2288 1217 2324 aelatus
1245 2288 1315 2324 VP
1338 2288 1396 2322 est
1424 2286 1476 2321 le-

128 2335 228 2368 tatus
259 2334 317 2369 Rb
409 2337 452 2368 27
484 2332 692 2378 antequam
721 2332 754 2368 V
842 2337 885 2369 29
915 2333 1093 2378 insigneis
1120 2333 1154 2369 G
1245 2336 1288 2368 31
1314 2331 1477 2367 amissio-

128 2389 216 2413 nem
243 2379 278 2413 G
302 2378 499 2413 amissione
528 2377 645 2412 VPba
