1573 2508
149 39 238 82 226
648 36 716 73 xx
744 41 799 80 11,
826 39 966 73 21—28

151 135 286 178 muris
320 134 450 176 altius
482 132 763 174 inminebant.
812 134 942 187 utque
975 131 1102 175 facile
1122 131 1367 175 defensores
1386 145 1500 174 moe-

151 195 280 236 nibus
300 190 576 247 pellerentur,
607 191 651 232 in
670 191 776 245 ipsis
797 203 1005 245 aggerum
1025 190 1345 233 summitatibus
1370 189 1500 232 binae

153 255 252 294 sunt
283 251 452 292 locatae
483 249 700 303 ballistae,
732 263 911 304 quarum
932 252 1049 291 metu
1067 264 1121 291 ne
1145 248 1390 304 prospicere
1410 247 1500 303 qui·

152 312 247 352 dem
279 323 405 363 posse
437 308 628 350 hostium
649 308 876 362 quisquam
896 308 1148 350 crederetur.
1196 308 1265 350 21.
1290 307 1360 349 his
1391 306 1499 350 satis

153 368 352 423 prouisis,
383 381 516 422 prope
537 367 678 421 ipsum
699 365 993 420 crepusculum
1012 366 1171 420 triplex
1203 366 1314 408 acies
1334 368 1500 408 nostro-
1519 379 1536 405 5

153 441 247 468 rum
290 427 519 479 instructa,
569 425 771 479 conisque
816 424 1038 479 galearum
1078 424 1287 466 minacius
1330 427 1502 478 nutam,

154 485 293 527 scalas
314 484 570 527 uelientibus
591 483 740 525 multis
765 484 972 538 impetum
994 483 1260 525 conabantur
1280 483 1325 524 in
1343 496 1501 525 muros.

153 545 322 599 iamque
359 543 673 585 resultantibus
712 542 841 583 armis
875 544 918 583 et
954 542 1072 583 tubis
1105 556 1188 583 uno
1227 541 1405 596 parique
1437 555 1502 583 ar-

153 603 255 645 dore
287 601 388 644 hinc
419 601 599 655 indeque
631 601 908 656 pugnabatur
940 600 1090 642 audaci
1110 600 1323 654 conflictu,
1354 599 1502 642 latius-

154 675 234 716 que
268 674 361 702 sese
391 660 631 715 pandentes
662 658 848 700 Romani
881 673 977 700 cum
1008 658 1164 701 Persas
1197 658 1405 700 occultari
1441 657 1503 700 ui-
1521 671 1555 698 10

153 719 302 761 dei-ent
350 732 510 772 pauore
560 718 847 772 inpositorum
897 717 1128 772 aggeribus
1178 719 1503 770 tormentorum,

155 777 391 833 pulsabant
421 777 576 818 turrim
609 776 742 818 ariete
774 779 812 818 et
847 789 939 817 cum
976 775 1195 830 ligonibus
1236 778 1279 817 et
1309 774 1502 817 dolabris

153 840 196 878 et
227 835 421 878 uectibus
453 835 667 890 scalisque
704 834 1066 889 propinquabant,
1103 834 1318 889 utrimque
1350 847 1504 876 conuo-

152 895 271 936 lante
316 893 547 935 missilium
591 893 834 935 crebritate.
912 893 981 934 22.
1027 893 1309 935 adflictabant
1357 895 1504 934 tamen

153 953 290 995 multo
312 952 608 994 uehementius
628 952 784 993 Persas
817 952 926 993 ictus
947 952 1057 993 uarii
1089 951 1364 993 ballistarum
1395 953 1502 992 tam·
1523 962 1570 1006 1⁶,

153 1026 281 1066 quam
312 1026 388 1065 per
418 1013 698 1052 transemiam
725 1025 750 1051 a
782 1010 906 1051 cliuis
928 1009 1197 1051 structilibus
1218 1009 1504 1051 decurrentes.

153 1069 264 1112 unde
296 1068 492 1111 fortunas
526 1084 626 1110 suas
665 1068 770 1110 sitas
809 1069 853 1109 in
893 1072 1082 1110 extremo
1122 1068 1209 1110 iam
1249 1068 1504 1122 cogitantes,

154 1128 416 1170 destinatam
455 1127 637 1169 mebant
674 1127 719 1168 in
751 1129 934 1168 mortem
967 1129 1009 1167 et
1045 1127 1197 1180 partiti
1236 1141 1414 1168 munera
1444 1125 1504 1168 di-

155 1185 341 1228 micandi
374 1186 485 1228 inter
515 1185 785 1227 necessitatis
808 1185 1026 1239 articulos,
1057 1185 1219 1226 relictis
1240 1184 1314 1239 qui
1333 1184 1504 1227 moenia

155 1247 390 1299 tuerentur,
421 1248 613 1286 reserata
645 1245 831 1286 latenter
861 1243 1041 1298 postica,
1072 1243 1235 1285 strictis
1256 1243 1414 1298 gladiis
1433 1258 1505 1286 ua·
1523 1257 1573 1284 110Ἰ

154 1303 241 1345 lida
273 1318 425 1344 manus
447 1303 587 1357 erupit
619 1318 729 1357 pone
763 1302 1040 1357 sequentibus
1062 1302 1172 1356 aliis,
1204 1303 1276 1357 qui
1308 1302 1504 1344 flammas

153 1362 318 1404 occulte
350 1362 596 1416 portabant.
659 1361 727 1402 23.
759 1361 942 1416 dumque
975 1360 1160 1402 Romani
1191 1375 1302 1402 nunc
1340 1361 1506 1402 instant

154 1420 414 1474 cedentibus,
447 1435 557 1461 nunc
584 1420 698 1461 ultro
732 1421 993 1461 incessentes
1015 1419 1244 1474 excipi1u1t‚
1276 1419 1348 1473 qui
1380 1418 1505 1460 uehe-

153 1479 260 1520 bant
297 1478 480 1533 foculos,
519 1481 716 1532 repentes
755 1478 922 1520 incurui
958 1493 1119 1532 prunas
1163 1477 1288 1519 unius
1333 1477 1505 1532 aggesti

153 1538 368 1579 inseruere
401 1537 609 1579 iuncturis
631 1538 761 1578 ramis
783 1537 984 1578 arborum
1005 1536 1272 1578 diuersarum
1304 1539 1347 1577 et
1379 1537 1504 1578 iunco
1523 1549 1559 1578 25

155 1599 198 1637 et
230 1595 464 1649 manipulis
497 1596 731 1637 constructi
753 1610 996 1649 cannarum,
1029 1595 1100 1648 qui
1127 1595 1344 1650 conceptis
1366 1596 1506 1636 incen—

153 1654 320 1695 diorum
353 1653 486 1695 aridis
519 1654 795 1695 nutrimentis
829 1655 914 1695 iam
948 1653 1261 1707 cremabantur,
1293 1653 1504 1695 militibus
1563 1650 1573 1688 {1

154 1727 250 1754 011111
283 1713 459 1754 intactis
493 1713 719 1753 tormentis
753 1713 903 1754 exinde
937 1712 1176 1766 periculose
1208 1712 1426 1766 digressis.
1562 1717 1569 1749 1

271 1771 339 1812 24.
384 1769 445 1811 Vt
495 1784 596 1812 uero
642 1771 946 1812 certaminibus
996 1771 1122 1812 finem
1173 1785 1351 1825 uespera
1388 1769 1506 1812 dedit
1565 1793 1567 1798 2

1549 1862 1569 1883 ’ὓ

248 1959 260 1988 1
291 1954 504 1990 defensores
537 1954 731 1988 moenibus
759 1955 792 1987 (ι’
818 1954 1002 1989 defensori
1034 1955 1183 1989 moenia
1213 1954 1301 1990 VPb
1392 1957 1411 1990 7
1437 1955 1505 1988 im·

158 2001 287 2043 petum
316 2000 347 2033 G
375 1999 547 2050 imperim
578 1999 610 2032 V
631 1999 680 2033 im
696 2000 828 2034 Jerium
854 1999 936 2033 I’ba
1029 1999 1233 2034 conabatur
1257 2000 1294 2033 in
1319 2009 1444 2033 muros
1471 1998 1506 2033 G
1548 2008 1566 2040 ἡ,

156 2044 389 2078 conabantur
424 2056 461 2078 111
493 2054 604 2078 misos
636 2043 667 2077 V
795 2048 836 2077 10
860 2044 1066 2088 pandentes
1097 2045 1131 2077 (ι’
1166 2043 1354 2088 pandente
1393 2043 1507 2079 VPba

158 2092 198 2121 12
228 2088 430 2131 pulsabant
460 2089 591 2123 turrim
623 2089 738 2123 ariete
769 2089 801 2121 G
839 2088 1058 2132 pulsabatur
1093 2088 1319 2124 imarieoetfi
1358 2091 1504 2130 (aecum
1535 2086 1568 2119 ’θ

157 2133 206 2171 P)
235 2132 315 2182 'VI’
351 2135 388 2166 et
423 2145 506 2167 cum
543 2133 630 2167 add.
662 2133 729 2178 hya
830 2137 868 2167 13
913 2132 1083 2179 uectibus
1106 2133 1192 2180 ,byn
1236 2132 1396 2167 fectibus
1438 2122 1567 2184 111²ss

155 2176 335 2220 scalisque
362 2178 405 2220 bg]
429 2178 600 2222 scaleque
633 2177 736 2212 VAP
810 2181 849 2211 15
874 2178 968 2211 ictus
996 2178 1028 2212 G
1052 2177 1161 2218 ictius
1193 2176 1225 2211 V
1246 2176 1397 2212 reictius
1422 2177 1505 2212 Pba
1538 2186 1567 2228 «ᾖ

155 2225 196 2254 16
221 2222 458 2255 transennam
485 2223 554 2265 baa
578 2222 762 2256 transient
786 2220 880 2256 Nam
907 2222 933 2261 (i
957 2232 1138 2265 suprascr.
1171 2221 1215 2262 V)
1245 2221 1311 2256 VP
1381 2225 1425 2258 20
1449 2232 1504 2256 re-

153 2271 275 2300 serata
291 2266 360 2299 GA
386 2268 548 2301 reserate
581 2265 648 2301 Vl>
695 2271 736 2301 22
762 2266 902 2301 instant
928 2267 959 2301 G
985 2267 1165 2302 instantes
1196 2265 1307 2301 VPba
1355 2269 1398 2301 25
1424 2267 1505 2300 iun·
1540 2260 1567 2291 Ἃ

152 2309 265 2345 cturis
293 2310 325 2346 G
351 2311 527 2344 iunctoris
559 2310 624 2345 V1¹
