1573 2508
116 75 200 118 223
636 67 703 104 XX
730 71 782 111 11,
807 65 980 103 29-xxl

123 167 240 223 quod
273 166 376 208 solis
397 163 583 205 obnoxia
604 160 851 204 claritudini
882 174 960 215 pro
986 156 1322 214 reciprocatione
1353 155 1475 211 spiri-

123 231 197 269 tus
230 225 421 279 fulgores
443 222 532 263 eius
565 220 818 275 purissimos
851 233 873 260 e
904 218 1080 273 regione
1100 216 1291 270 deflorat,
1323 217 1478 270 quarta

128 285 224 327 ideo
258 284 478 337 purpurat,
499 279 611 335 quod
631 279 930 320 intermicante
957 275 1233 331 asperginum
1252 274 1478 326 densitate,

126 358 204 398 per
224 355 330 396 quas
363 339 546 381 moritur
578 337 795 379 radiorum
817 335 1029 390 splendor,
1061 334 1326 388 conspiciens
1353 331 1479 374 offen-

128 402 192 442 dit
233 402 451 454 aspectum
493 397 692 439 flammeo
733 395 1000 450 propiorem,
1045 393 1119 447 qui
1148 392 1276 446 color,
1316 393 1477 446 quanto
1498 410 1515 436 5

130 459 271 513 magis
303 457 564 510 diffunditur,
603 454 797 497 concedit
834 454 879 495 in
920 451 1137 494 caerulum
1179 452 1221 492 et
1258 450 1480 491 uirentem.

248 517 316 559 29.
348 516 631 558 Arbitrantur
652 514 729 555 alii
759 516 860 554 tunc
894 510 1012 553 iridis
1046 510 1230 551 formam
1250 508 1376 550 rebus
1409 521 1482 561 ap-

132 591 282 632 parere
315 574 540 616 mundanis
568 586 663 614 cum
696 571 825 613 altius
846 570 1028 611 delatae·
1047 568 1152 610 nubi
1173 581 1342 609 crassae
1374 565 1483 608 radii

131 635 239 676 solis
273 634 404 675 infusi
437 633 576 673 lucem
608 631 834 672 iniecerint
865 628 1085 683 liquidam,
1118 641 1226 681 quae
1251 640 1338 667 non
1368 638 1484 678 repe-

133 695 247 734 riens
281 693 442 734 exitum
483 691 527 732 in
569 704 613 731 se
656 688 917 743 conglobata
948 686 1081 728 nimio
1125 683 1384 740 splendescit
1415 682 1484 724 ad·
1505 703 1538 727 ιο

135 752 256 805 tritu,
295 753 337 792 et
374 749 592 804 proximos
627 745 798 802 'quidem
836 746 936 788 albo
969 745 1135 787 colores
1168 758 1193 785 a
1231 742 1322 784 sole
1355 741 1486 783 subli-

136 811 271 852 miore
313 809 515 862 decerpit,
557 806 797 848 subuirides
838 818 939 846 uero
981 819 1006 845 a
1037 802 1163 844 nubis
1205 799 1486 842 similitudine

138 869 417 922 superiectae,
448 869 496 908 ut
527 867 573 907 in
605 865 714 906 mari
747 864 858 906 solet
877 877 958 905 usu
989 861 1146 915 uenire,
1176 860 1251 902 ubi
1283 858 1487 900 candidae.

137 929 237 969 stult
268 926 406 968 undae
439 939 545 980 quae
584 924 785 965 litoribus
829 921 1086 973 inliduntur,
1126 918 1352 961 interiores
1397 916 1487 958 sine

137 985 228 1027 ulla
260 984 529 1027 concretione
561 982 769 1024 caerulae.
1510 993 1542 1020 ιε

258 1044 326 1085 30.
358 1043 417 1084 Et
437 1042 639 1096 quoniam
671 1040 875 1081 indicium
896 1040 961 1080 est
991 1035 1320 1091 permutationis
1349 1047 1490 1086 aurae,

142 1104 191 1143 ut
221 1101 420 1154 diximus,
452 1115 477 1142 a
509 1100 612 1141 sudo
635 1113 732 1140 aere
763 1098 940 1139 nubium
963 1095 1182 1137 concitans
1215 1093 1384 1148 globos,
1416 1095 1489 1134 aut

141 1162 291 1202 contra
323 1173 373 1201 ex
407 1161 603 1200 concreto
637 1160 807 1198 mutans
846 1155 891 1196 in
923 1168 1118 1196 serenam
1155 1152 1369 1194 laetitiam
1401 1164 1492 1193 cae-

143 1219 244 1272 lum,
287 1218 381 1260 ideo
423 1216 532 1271 apud
575 1218 726 1270 poetas
765 1215 948 1268 legimus
991 1226 1115 1266 saepe
1146 1210 1252 1253 Irim
1290 1209 1340 1251 de
1372 1209 1491 1251 caelo

143 1277 272 1331 mitti,
304 1291 400 1318 cum
431 1275 724 1330 praesentium
755 1287 898 1315 rerum
918 1271 1028 1313 uerti
1048 1284 1220 1312 necesse
1252 1269 1311 1310 sit
1341 1270 1492 1311 status.
1512 1287 1547 1313 20

146 1338 381 1390 suppetunt
413 1334 524 1376 aliae
557 1333 719 1375 multae
741 1331 965 1386 opiniones
986 1332 1029 1371 et
1059 1329 1219 1382 uariae,
1250 1341 1356 1382 quas
1376 1326 1494 1368 dinu-

145 1408 309 1435 merare.
341 1408 452 1434 nunc
484 1394 551 1434 est
582 1404 905 1445 superuacuum,
936 1388 1184 1430 narratione
1215 1386 1352 1427 redire
1385 1384 1495 1426 mide

147 1453 343 1507 digressa
376 1455 441 1493 est
472 1451 716 1492 festinante.

267 1511 335 1552 31.
367 1509 448 1551 His
475 1524 522 1551 ac
554 1509 717 1550 talibus
751 1508 983 1561 imperator
1024 1505 1135 1546 inter
1166 1517 1286 1557 spem
1319 1504 1496 1543 metum-

148 1585 228 1624 que
261 1569 506 1611 iactabatur
532 1568 856 1621 ingrauescente
890 1564 1043 1605 hiemis
1065 1561 1373 1616 magnitudine,
1405 1574 1496 1614 spe·
1515 1578 1550 1605 25

148 1628 340 1682 ratisque
378 1642 454 1681 per
492 1627 611 1667 auios
650 1627 813 1666 tractus
853 1623 1032 1675 insidiis,
1071 1622 1183 1662 inter
1220 1634 1328 1674 quae
1367 1619 1497 1660 etiam

150 1687 367 1727 tumultum
402 1684 643 1738 exasperati
670 1683 822 1724 militis
861 1682 1101 1723 uei-ebatur.
1152 1693 1278 1733 super
1309 1677 1376 1719 his
1408 1691 1499 1718 ure·
1552 1703 1556 1706 -

151 1745 226 1786 bat
264 1745 354 1786 eius
387 1743 558 1785 anxiam
593 1745 790 1795 mentem,
823 1740 934 1795 quod
967 1739 1085 1780 uelut
1116 1737 1332 1792 patefacta
1370 1735 1497 1777 ianua
1553 1741 1559 1763 ³

151 1803 299 1845 diuitis
332 1803 480 1844 domus
514 1802 668 1842 inritus
701 1799 912 1854 propositi
945 1799 1242 1839 reuerteretur.

273 1862 341 1903 32.
376 1860 490 1910 Quas
523 1860 576 1901 ob
604 1874 670 1901 res
703 1859 862 1900 omisso
891 1872 999 1898 uano
1032 1857 1200 1909 incepto
1233 1853 1498 1895 hiematurus
1543 1866 1557 1899 ἥς

1553 989 1557 1001 ὴ-
1552 937 1561 980 ’.Α

250 1991 263 2021 1
292 1986 584 2031 reciprocatione
617 1986 782 2020 Valesius
807 1983 1026 2018 reticatione
1059 1981 1091 2014 V
1178 1984 1198 2014 ‘2
1230 1978 1442 2024 purissimos
1468 1977 1502 2013 G
1539 1992 1559 2026 g

156 2032 390 2076 purissimem
424 2031 455 2064 V
476 2030 662 2075 purissimi
686 2030 768 2064 Pha
816 2033 836 2063 4
860 2028 1017 2063 moritur
1035 2025 1248 2061 Gronouius
1265 2024 1381 2058 oritur
1397 2022 1502 2059 codd.
1527 2027 1558 2068 ξ’·

157 2076 394 2121 splendorem
413 2087 618 2119 conspuens
637 2075 669 2108 G
719 2074 859 2108 191ri1n
879 2073 924 2107 de
943 2071 1046 2106 caelo
1064 2069 1162 2105 mitti
1183 2071 1213 2103 (ι’
1234 2069 1320 2102 Irim
1339 2068 1384 2102 cle
1399 2066 1502 2102 caelo
1527 2098 1558 2125 Μ

157 2144 229 2177 huc
262 2142 360 2176 mitti
385 2143 420 2176 A
452 2142 627 2176 nimirum
654 2142 698 2175 dc
733 2140 835 2174 caelo
868 2140 949 2173 hinc
982 2117 1079 2181 {iiiuc
1110 2146 1293 2180 suprascr.
1330 2134 1376 2179 V)
1407 2133 1504 2168 uerti
1532 2118 1558 2219 ,ξ

158 2219 308 2243 necesse
324 2209 421 2242 mitti
440 2209 485 2252 [e.
500 2220 553 2251 pr.
569 2219 636 2242 rer.
653 2187 920 2250 V1>l›('1'10rti—
933 2205 1031 2240 mitti
1049 2204 1137 2240 add.
1154 2203 1222 2245 Vm)
1270 2205 1314 2236 20
1327 2200 1375 2234 sit
1388 2201 1504 2250 status
1532 2219 1559 2239 s,

166 2253 279 2288 Vl'ba
305 2254 347 2286 fit
370 2254 486 2286 status
513 2253 669 2286 mutatio
697 2253 729 2286 (ι’
777 2256 819 2286 ‘25
845 2250 1074 2295 speransque
1092 2248 1222 2291 Haupt
1248 2246 1504 2291 superetisque
1539 2246 1556 2289 ζ,

167 2298 235 2332 ΓΡ
252 2297 431 2342 suspectis
452 2298 483 2327 (ι’
503 2297 685 2340 superatis
699 2298 732 2330 A
792 2299 835 2330 26
852 2295 956 2330 auios
976 2294 1007 2327 G
1023 2292 1178 2328 auictios
1198 2291 1300 2326 VAP
1317 2289 1430 2325 etiam
1447 2291 1503 2324 tu-
1543 2296 1546 2303 '

164 2343 321 2377 multum
339 2342 370 2375 (r'
385 2342 496 2376 etium
514 2342 592 2385 [lac.
607 2345 650 2376 20
663 2341 746 2385 litt]
762 2347 841 2375 tum
856 2340 923 2375 VP
969 2343 1011 2374 2⁴.)
1025 2337 1161 2373 diuites
1174 2336 1426 2372 Vreuertetur
1439 2333 1505 2370 VP
