1573 2508
1376 20 1380 22 .
1407 0 1479 14 *³⁹*
1523 0 1542 30 γ

119 109 173 150 10
637 75 935 146 x11ii'2‚“⁷-15

115 201 185 243 uel
228 200 380 242 dumos
418 199 471 240 ad
510 198 690 239 uertices
728 197 926 239 uenerint
963 212 1172 252 summos,
1216 198 1329 239 inter
1367 197 1463 238 arta

114 263 260 301 tamen
298 261 340 299 et
383 257 501 298 inuia
544 256 686 297 nullas
728 256 840 297 acies
886 256 1099 310 explicare
1143 256 1343 310 permissi
1385 270 1464 298 nec

113 318 284 359 firmare
309 316 406 357 nisu
427 315 570 357 ualido
604 328 795 369 gressus:
827 314 1261 356 hostefidiscursatore
1293 315 1463 368 rupium
1488 339 1493 341 -

114 376 285 418 abscisa
317 375 529 427 uoluente,
568 373 702 414 ruinis
742 374 976 427 ponderum
1009 373 1245 415 inmanium
1277 376 1462 415 conster-

114 437 284 486 nuntur,
305 436 379 475 aut
400 448 450 474 ex
470 433 726 474 necessitate
753 432 906 473 ultima
926 432 1098 473 fortiter
1121 432 1364 487 dimicante,
1397 446 1463 474 su·
1482 441 1498 466 ⁵

114 493 253 547 perati
273 492 510 546 periculose
531 506 606 545 per
626 505 761 545 prona.
781 490 1015 532 discedunt.
1068 491 1105 531 7.
1127 505 1255 544 quam
1287 490 1340 532 ob
1373 505 1464 532 rem

114 551 423 605 circumspecta
457 550 625 592 cautela
658 550 934 591 obseruatum
967 553 1032 591 est
1064 549 1262 603 deinceps
1295 551 1337 590 et
1369 563 1465 591 cum

115 610 230 651 edita
268 610 479 650 montium
516 611 659 662 petere
698 609 915 662 coeperint
954 611 1243 662 grassatores,
1282 607 1367 649 loci
1404 608 1465 649 in-

114 669 289 722 iquitati
321 667 482 709 milites
516 667 680 708 cedunt.
743 666 817 707 ubi
850 670 995 708 autem
1027 667 1072 707 in
1102 666 1285 720 planitie
1316 669 1462 720 potue-

114 727 202 768 rint
245 726 439 781 reperiri,
485 725 596 779 quod
641 725 856 779 contingit
899 725 1092 778 adsidue,
1142 739 1219 766 nec
1270 726 1462 766 exertare
1485 735 1516 759 10

113 785 297 826 lacertos
329 799 405 825 nec
439 784 625 838 crispare
658 783 857 838 permissi
888 784 994 835 tela,
1028 798 1135 838 quae
1168 783 1330 825 uehunt
1361 783 1464 825 bina

114 843 183 884 uel
214 846 350 896 terna,
382 842 590 896 pecudum
622 842 708 883 ritu
740 842 943 883 inertium
975 842 1256 883 trucidantur.

233 902 271 944 8.
286 901 526 943 Metuentes
548 901 682 955 igitur
696 901 807 942 idem
822 901 1012 942 latrones
1027 901 1289 955 Lycaoniam
1305 913 1463 955 magna

112 963 236 1015 parte
280 962 565 1014 campestrem
609 974 703 1001 cum
742 974 786 1000 se
830 960 1001 1014 inpares
1039 960 1199 1001 nostris
1238 959 1329 1001 fore
1369 973 1464 1000 con-

113 1019 334 1073 gressione
357 1018 539 1060 stataria
559 1018 826 1060 documentis
858 1018 1154 1072 frequentibus
1176 1019 1347 1071 scirent,
1379 1020 1463 1059 tra·
1485 1026 1517 1052 1⁵

112 1077 292 1118 mitibus
331 1077 466 1118 deuiis
510 1078 701 1131 petiuere
740 1076 1046 1131 Pamphyliam
1090 1077 1162 1118 diu
1194 1076 1365 1131 quidem
1403 1076 1464 1117 in-

110 1138 276 1187 tactam
296 1135 369 1176 sed
388 1135 543 1176 timore
575 1135 904 1189 populationum
925 1137 968 1176 et
987 1135 1191 1188 caedium,
1223 1136 1362 1176 milite
1388 1149 1465 1189 per

113 1194 259 1235 omnia
279 1193 432 1235 diffuso
454 1194 707 1248 propinqua,
726 1194 895 1248 magnis
917 1193 1102 1248 undique
1122 1194 1349 1247 praesidiis
1369 1208 1465 1235 con-

113 1253 336 1294 munitam.
392 1252 430 1293 9.
451 1252 609 1306 raptim
630 1252 764 1306 igitur
783 1255 1063 1306 properantes
1084 1255 1132 1294 ut
1151 1254 1293 1294 motus
1314 1252 1380 1293 sui
1399 1267 1465 1293 ru-
1494 1263 1508 1275 ·‘

113 1325 253 1352 mores
288 1311 510 1352 celeritate
541 1311 675 1352 nimia
707 1310 1022 1364 praeuenirent,
1054 1311 1205 1365 uigore
1237 1325 1464 1364 corporum
1483 1319 1531 1345 2⁰·

88 1400 89 1403 =
113 1384 163 1411 ac
195 1370 373 1410 leuitate
395 1369 543 1411 confisi
574 1383 649 1422 per
681 1369 893 1410 flexuosas
921 1370 1098 1411 semitas
1119 1369 1172 1410 ad
1193 1370 1464 1410 summitates

113 1428 290 1469 collium
310 1428 474 1469 tardius
496 1427 746 1468 euadebant.
786 1430 829 1468 et
849 1441 944 1468 cum
966 1428 1179 1481 superatis
1200 1427 1465 1469 difficultati—

112 1487 192 1527 bus
225 1486 368 1528 arduis
402 1486 454 1527 ad
487 1486 716 1539 supercilia
748 1486 967 1527 uenissent
1004 1486 1124 1528 fluuii
1161 1485 1345 1527 Melanis
1372 1486 1464 1527 alti

114 1548 157 1585 et
187 1545 403 1596 uerticosi‚
436 1545 509 1599 qui
542 1559 618 1597 pro
651 1558 772 1585 muro
805 1547 950 1585 tuetur
981 1545 1150 1586 accolas
1171 1529 1464 1598 eircumfflsus,

114 1606 297 1657 augente
317 1606 440 1644 nocte
462 1603 609 1644 adulta
635 1606 841 1644 terrorem
863 1604 1061 1657 quieuere
1088 1603 1309 1657 paulisper
1327 1603 1465 1645 lucem
1484 1614 1517 1640 25

113 1662 398 1715 opperientes.
443 1661 766 1703 arbitrabantur
785 1662 898 1702 enim
919 1662 1038 1703 nullo
1059 1662 1302 1715 inpediente
1327 1664 1465 1704 trans-

114 1719 253 1773 gressi
285 1720 460 1773 inopino
493 1720 673 1761 adcursu
711 1720 908 1773 adposita
941 1734 1133 1774 quaeque
1165 1723 1351 1774 uastare,
1391 1720 1465 1761 sed

113 1778 157 1818 in
177 1792 346 1819 cassum
367 1778 536 1819 labores
558 1778 770 1831 pertulere
795 1779 1090 1832 grauissimos.
1150 1779 1213 1820 10.
1246 1793 1346 1820 nam
1373 1779 1463 1820 sole

114 1839 209 1877 orto
230 1836 525 1890 magnitudine
546 1837 719 1890 angusti
753 1837 939 1890 gurgitis
968 1837 1040 1877 sed
1072 1837 1272 1891 profundi
1305 1853 1330 1879 a
1348 1839 1464 1879 tran-

113 1895 200 1936 situ
220 1895 476 1936 arcebantur
509 1898 551 1936 et
571 1895 670 1936 dum
691 1895 947 1948 piscatorios
976 1898 1187 1950 quaerunt
1213 1896 1462 1938 lenunculus
1482 1914 1517 1941 80

203 2111 223 2141 4
255 2118 414 2151 superne
452 2109 519 2151 (sic
549 2108 668 2151 codd.)
696 2128 737 2133 -—
762 2108 960 2143 discedunt
995 2109 1061 2143 aut
1096 2120 1141 2143 ex
1168 2129 1206 2135 —
1242 2104 1463 2145 dimicantes

114 2152 230 2185 ruinis
268 2171 311 2177 —
347 2154 636 2187 consternuntur
674 2153 776 2188 codd.
817 2164 910 2197 quac
958 2155 1188 2197 trampowt;
1224 2164 1384 2198 superne
1420 2177 1464 2183 --

114 2194 249 2230 ultima
272 2197 378 2231 hoste
405 2217 446 2221 —
473 2197 649 2232 uoluente
676 2198 824 2232 fortiter
850 2218 892 2223 —-
917 2199 1206 2233 consternuntur
1236 2199 1463 2243 transposuit

113 2241 161 2276 A.
188 2241 232 2276 de
259 2241 475 2276 Gutschmid
522 2245 541 2275 5
567 2242 769 2277 dimicante
795 2243 928 2286 scripsi
951 2242 1170 2277 dimicantes
1195 2243 1298 2278 codd.
1359 2245 1380 2278 8
1404 2243 1461 2278 iu-

114 2285 264 2330 iquitati
288 2286 420 2329 scripsi
444 2286 644 2330 iniquitate
669 2287 772 2322 codd.
868 2291 908 2323 18
934 2286 1067 2322 diffusa
1096 2286 1163 2322 VP
1231 2289 1297 2321 “21
1324 2287 1463 2322 flexuo-

114 2341 173 2364 sas
197 2331 275 2374 δρα.
327 2330 497 2365 lexuosas
529 2330 560 2364 V
641 2335 684 2366 ‘25
710 2343 753 2365 ur
782 2333 867 2366 ente
895 2333 929 2366 (ι’
998 2334 1180 2366 terrorem
1203 2332 1315 2376 uulyo
1339 2337 1463 2377 tepro·

114 2385 269 2418 remque
332 2376 366 2409 1¹
458 2379 501 2410 30
527 2375 743 2420 piscatorios
790 2387 834 2421 σα
862 2376 1064 2421 piscatores
1094 2375 1161 2411 VP
