1614 2549
553 7 784 45 1VL1ANVs
809 12 874 45 362
1303 13 1387 57 305

35 105 164 160 bitus,
194 105 459 159 internisque
487 104 770 146 seditionibus
803 104 876 145 diu
909 119 1058 159 aspere
1096 104 1294 161 fatigata,
1332 108 1386 150 ad

34 164 236 206 ultimum
257 163 405 205 multis
437 165 537 217 post
558 163 680 205 annis
702 162 936 204 Aureliano
969 163 1197 218 imperium
1218 169 1386 221 agente,

36 222 236 264 ciuilibus
261 222 414 276 iurgiis
448 222 500 263 ad
532 222 767 263 certamina
796 222 1060 264 interneciua
1089 223 1304 278 prolapsis
1325 225 1386 266 di·

34 281 227 335 rutisque
258 281 482 322 moenibus
524 281 669 322 amisit
706 281 896 334 regionis
928 281 1163 323 maximam
1205 285 1384 338 partem,

0 354 16 381 5
37 354 144 394 quae
176 339 395 381 Bruchion
433 339 747 393 appellabatur,
785 339 1033 380 diuturnum
1069 342 1384 393 praestantium

35 397 258 439 hominum
290 398 568 439 domicilium.
633 398 698 439 16.
729 398 839 439 unde
859 397 1139 439 Aristarchus
1173 413 1384 454 gramma—

33 456 144 497 ticae
189 456 251 497 rei
295 456 499 498 doctrinis
546 456 778 509 excellens,
823 459 865 497 et
908 455 1179 499 Herodianus
1226 460 1384 501 art-ium

34 515 349 556 minutissimus
383 515 637 571 sciscitator,
671 518 712 556 et
742 514 895 556 Saccas
928 514 1184 557 Ammonius
1219 517 1385 559 Plotini

34 573 253 628 magister,
292 574 451 628 aliique
489 574 668 627 plurimi
702 573 932 627 scriptores
966 575 1201 616 multorum
1232 576 1277 616 in
1315 577 1383 618 lit-

0 650 14 675 0
33 632 138 673 teris
158 632 370 674 nobilium
404 633 653 686 studiorum,
684 633 796 674 inter
818 647 923 686 quos
946 631 1253 675 Chalcenterus
1284 636 1383 676 emi-

32 690 128 732 nuit
147 690 369 745 Didymus7
401 691 653 745 multiplicis
688 691 890 733 scientiae
918 692 1043 746 copia
1074 693 1383 748 memorabilis,

33 749 106 803 qui
148 749 194 790 in
237 750 326 790 illis
374 764 446 791 sex
491 750 614 791 libris
655 751 728 792 ubi
759 765 847 792 non
877 765 1111 805 numquam
1148 751 1383 805 inperfecte

33 807 226 849 Tullium
262 808 535 862 reprehendit
573 809 865 863 sillographos
909 809 1105 850 imitatus
1151 811 1381 864 scriptores

32 866 278 921 maledicos,
315 867 473 909 iudicio
507 868 729 909 doctarum
762 868 928 909 aurium
966 868 1198 922 incusatur,
1235 871 1283 910 ut
1322 870 1383 911 in-

0 943 13 969 5
32 926 178 966 mania
209 926 466 967 frementem
497 926 666 967 leonem
696 926 940 980 putredulis
961 927 1137 967 uocibus
1171 927 1290 968 canis
1318 942 1383 969 ca-

32 983 149 1025 tulus
183 984 355 1038 longius
389 985 727 1026 circumlatrans.
780 986 845 1026 17.
867 987 908 1026 et
929 1000 1188 1039 quamquam
1214 988 1381 1028 ueteres

32 1056 128 1083 cum
159 1043 226 1084 his
261 1058 442 1097 quorum
468 1044 645 1085 memini
676 1044 858 1085 floruere
886 1044 1124 1097 conplures,
1156 1046 1303 1085 tamen
1328 1060 1382 1087 ne

30 1115 143 1142 nunc
176 1102 347 1156 quidem
385 1102 431 1144 in
464 1103 612 1143 eadem
644 1102 747 1143 urbe
788 1102 1006 1144 doctrinae
1048 1104 1192 1144 uariae
1235 1103 1380 1158 silent3

30 1174 132 1201 nam
165 1163 209 1201 et
241 1161 566 1214 disciplinarum
598 1161 799 1215 magistri
832 1161 1018 1215 quodam
1050 1161 1174 1202 modo
1215 1162 1383 1216 spirant

0 1221 75 1264 >et
105 1219 291 1260 nudatur
323 1219 385 1260 ibi
417 1220 678 1274 geometrico
720 1219 841 1261 radio
876 1220 1076 1274 quicquid
1113 1221 1382 1263 reconditum

31 1277 152 1332 latet,
184 1278 455 1332 nondumque
489 1279 598 1332 apud
619 1293 690 1319 eos
724 1278 894 1332 penitus
917 1279 1083 1319 exaruit
1102 1279 1276 1333 musica,
1304 1295 1382 1322 nec

30 1335 282 1378 harmonica
313 1337 530 1390 conticuit,
574 1340 616 1378 et
653 1337 812 1378 recalet
851 1337 962 1390 apud
1001 1337 1207 1391 quosdam
1246 1338 1382 1380 adhuc

30 1394 133 1436 licet
175 1410 296 1436 raros
341 1396 626 1437 consideratio
666 1396 873 1437 mundani
917 1398 1057 1437 motus
1097 1398 1140 1436 et
1184 1396 1382 1451 siderum,

31 1453 230 1508 doctique
264 1457 363 1495 sunt
382 1469 582 1495 numeros
616 1454 722 1496 haut
742 1454 886 1508 pauci,
919 1469 1045 1508 super
1068 1454 1134 1495 his
1157 1455 1383 1497 scientiam

0 1512 190 1556 5callent
234 1527 342 1566 quae
386 1513 574 1554 fatorum
624 1513 716 1554 uias
762 1513 960 1554 ostendit.
1038 1513 1102 1555 18.
1147 1513 1381 1556 medicinae

32 1573 189 1624 autem,
221 1571 339 1613 cuius
372 1571 418 1612 in
448 1571 529 1613 hac
561 1572 653 1613 uita
684 1574 835 1613 nostra
865 1586 943 1612 nec
974 1586 1105 1625 parca
1124 1586 1201 1613 nec
1234 1573 1381 1615 sobria

32 1629 329 1671 desiderantur
362 1630 621 1672 adminicula
654 1630 815 1684 crebra,
848 1631 910 1671 ita
943 1631 1085 1671 studia
1106 1634 1317 1685 augentur
1337 1631 1383 1674 in

32 1688 121 1729 dies
154 1691 218 1742 ut,
263 1688 365 1729 licet
398 1703 504 1742 opus
549 1689 692 1742 ipsum
729 1689 920 1741 refellat,
964 1703 1042 1743 pro
1082 1689 1200 1730 omni
1236 1692 1384 1732 tamen

32 1747 322 1800 experimento
358 1747 545 1788 sufficiat
576 1747 738 1788 medico
773 1748 825 1789 ad
858 1748 1237 1789 commendandam
1275 1750 1381 1790 artis

0 1824 12 1849 a
32 1806 348 1860 auctoritatem,
372 1807 409 1847 si
427 1805 717 1847 Alexandriae
740 1821 783 1846 se
805 1806 962 1847 dixerit
982 1806 1205 1847 eruditum.
1259 1807 1323 1847 19.
1339 1810 1382 1848 et

31 1863 137 1905 haec
171 1864 340 1918 quidem
372 1864 590 1906 hactenus.
654 1864 727 1905 sed
758 1866 794 1906 si
819 1864 1102 1918 intellegendi
1128 1864 1263 1905 diuini
1297 1865 1382 1907 adi-

31 1922 194 1964 tionem
225 1923 512 1976 multiplicem
545 1925 587 1964 et
618 1923 970 1976 praesensionum
993 1923 1206 1977 originem
1237 1926 1380 1966 mente

31 1984 188 2035 uegeta
239 1982 464 2036 quisquam
514 1982 702 2022 uoluerit
758 1981 989 2035 replicare,
1044 1996 1120 2035 per
1176 1982 1381 2024 mundum

120 2077 142 2106 4
167 2073 361 2117 regionum
384 2072 520 2123 VPbya
568 2077 587 2107 5
605 2071 770 2106 Buchion
788 2073 833 2106 ba
881 2076 898 2105 7
918 2071 1094 2105 doctrinis
1114 2072 1147 2106 G
1173 2072 1291 2106 domis
1314 2073 1381 2108 VP

32 2117 137 2151 donis
161 2102 230 2152 1)αο
277 2121 315 2151 11
342 2117 451 2161 copia
473 2117 528 2151 M.
548 2116 712 2151 Schmidt
732 2121 768 2160 cy>
785 2117 917 2159 Haupt
943 2116 1044 2160 copti
1073 2116 1140 2152 VP
1165 2118 1290 2161 coepti
1314 2118 1382 2162 bya

33 2166 74 2195 15
98 2161 309 2206 putredulis
332 2163 368 2197 P
394 2159 597 2205 pitredulis
627 2161 661 2195 V
689 2161 789 2196 canis
819 2161 885 2196 VP
909 2171 1027 2195 uanus
1051 2162 1120 2206 hya
1211 2166 1253 2196 23
1279 2173 1380 2196 raros

37 2206 204 2241 Valesius
230 2207 327 2241 atros
357 2206 424 2241 VP
503 2208 574 2240 *24
598 2217 772 2240 numeros
797 2206 897 2240 haud
926 2205 1094 2241 Valesius
1119 2207 1184 2241 aut
1206 2218 1380 2242 numeros

37 2251 105 2285 VP
197 2255 240 2286 28
270 2251 420 2285 refellat
443 2252 575 2295 Haupt
600 2251 697 2285 Mus.
722 2251 819 2285 rheu.
850 2251 878 2284 I
898 2261 936 2294 p.
962 2253 1029 2285 475
1076 2251 1245 2286 redoleat
1275 2252 1379 2286 codd.

32 2299 76 2330 30
100 2296 130 2329 si
153 2295 186 2330 G
203 2306 268 2330 om.
291 2296 358 2330 VP
405 2300 445 2330 31
465 2297 496 2329 si
511 2296 544 2330 G
561 2306 626 2330 om.
648 2295 761 2330 VPba
778 2295 982 2330 aditionem
1000 2296 1068 2341 bya
1087 2296 1291 2330 editionem
1313 2295 1380 2332 VP

103 2359 280 2385 Ammrmvs
300 2360 543 2386 MARchmxvs.
1120 2357 1163 2387 20
