1614 2549
0 0 80 60 Ξ”

347 82 682 125 CONSTANTIVS
707 81 769 116 ET
795 76 984 114 GALLVS
1011 79 1075 111 353
1336 70 1387 111 13

143 186 186 229 3.
204 184 313 227 1.Εο
329 181 510 224 adducta
525 193 569 219 re
584 173 892 231 perIsauriam‚
906 183 1006 224 rege
1016 169 1247 210 Persarum
1259 163 1388 205 bellis

41 245 234 291 finitimis
267 241 451 294 inligato
484 236 802 291 repellenteque
824 246 848 271 a
878 226 1129 271 conlimitiis
1164 224 1250 265 suis
1282 222 1390 263 fero-

44 305 237 348 cissimas
258 301 420 355 gentes,
442 310 549 352 quae
570 295 711 335 mente
733 289 917 345 quadam
937 284 1143 328 uersabili
1171 281 1392 323 hostiliter

46 378 141 407 eum
172 374 298 414 saepe
330 357 548 400 incessunt
569 356 611 394 et
643 353 688 392 in
706 364 784 391 nos
818 362 938 389 arma
964 346 1210 386 mouentem
1231 340 1393 394 aliquo-

11 439 30 466 5
46 424 156 466 tiens
176 420 338 471 iuuant,
368 413 622 457 Nohodares
650 409 822 464 quidam
841 404 1013 447 nomine
1035 417 1055 443 e
1076 414 1253 443 numero
1287 397 1395 452 opti-

46 483 220 531 matum,
239 478 457 518 incursare
477 467 838 524 Mesopotamiam
860 463 1058 518 quotiens
1080 460 1203 513 copia
1232 456 1396 498 dederit

49 539 280 589 ordinatus7
313 531 568 588 explorabat
587 530 737 569 nostra
763 523 961 575 sollicite,
993 521 1030 561 si
1049 517 1310 572 repperisset
1329 530 1396 556 us-

50 612 176 654 quam
199 596 341 636 locum
365 592 410 632 ui
436 589 579 631 subita
605 587 898 641 perrupturus.
949 582 988 621 2.
1015 581 1057 619 et
1084 577 1183 631 quia
1203 575 1398 627 Mesopo-

49 657 206 699 tamiae
243 654 406 694 tractus
434 662 581 690 omnes
615 644 763 686 crebro
796 638 1029 695 inquietari
1063 635 1173 677 sueti
1204 634 1399 688 praeten-

0 732 34 758 ιο
50 715 158 758 turis
173 716 216 754 et
236 708 498 752 stationibus
515 704 796 747 seruabantur
812 698 1006 753 agrariis,
1025 696 1270 736 laeuorsum
1289 691 1398 731 flexo

51 775 204 817 itinere
227 769 470 811 Osdroenae
491 763 735 805 subsiderat
756 759 939 801 extimas
960 757 1120 810 partes,
1151 765 1310 792 nouum
1330 764 1402 802 pa-

53 844 228 885 rumque
267 825 497 881 aliquando
535 823 796 875 temptatum
835 816 1122 858 commentum
1164 810 1402 863 adgressus.

55 890 167 946 quod
204 888 240 929 si
280 885 568 940 impetrasset,
605 878 798 920 fulminis
836 875 960 916 modo
1000 874 1151 913 cuncta
1196 868 1404 909 uastarat.

56 952 150 992 erat
181 949 324 989 autem
357 942 469 998 quod
501 939 725 994 cogitabat
756 935 882 976 huius
916 932 1044 973 modi.

4 1022 39 1050 15
175 1007 213 1048 3.
226 1005 393 1046 Batnae
407 998 688 1052 mimicipium
707 996 752 1036 in
771 991 1056 1035 Anthemusia
1078 986 1297 1029 conditum
1319 981 1408 1023 Ma-

59 1067 266 1110 cedonum
297 1076 427 1103 manu
458 1059 698 1113 priscorum
731 1054 784 1095 ab
818 1050 1040 1105 Euphrate
1072 1045 1247 1087 flumine
1284 1041 1408 1083 breui

62 1125 201 1180 spatio
233 1122 488 1175 disparatur,
519 1115 725 1158 refertum
745 1108 1056 1153 mercatoribus
1083 1102 1311 1158 opulentis,
1336 1099 1411 1141 ubi

63 1199 203 1228 annua
245 1178 536 1222 sollemnitate
574 1187 706 1228 prope
742 1167 1007 1223 Septembris
1046 1164 1219 1206 initium
1251 1158 1410 1201 mensis

64 1243 116 1286 ad
134 1240 344 1283 muidinas
365 1249 523 1290 magna
554 1232 822 1287 promiscuae
854 1227 1051 1268 fortunae
1086 1220 1285 1264 conuenit
1306 1217 1412 1258 mul-

11 1319 46 1344 20
65 1301 204 1344 titudo
250 1298 302 1340 ad
340 1291 663 1337 commercanda
707 1302 814 1343 quae
852 1285 948 1327 Indi
985 1283 1166 1324 mittunt
1203 1281 1246 1320 et
1290 1276 1413 1318 Seres

67 1361 236 1414 aliaque
265 1355 451 1410 plurima
479 1351 579 1393 uehi
604 1353 720 1390 terra
749 1345 942 1398 marique
969 1341 1186 1383 consueta.
1241 1337 1280 1377 4.
1306 1335 1416 1376 hanc

67 1418 288 1473 regionem
306 1410 577 1468 praestitutis
599 1404 843 1449 celebritati
863 1403 1010 1444 diebus
1036 1397 1238 1441 inuadere
1259 1407 1417 1449 parans

69 1478 152 1519 dux
185 1477 284 1517 ante
303 1473 441 1514 dictus
473 1484 549 1524 per
583 1465 835 1508 solitudines
868 1461 1124 1513 Aboraeque
1157 1455 1295 1497 amnis
1326 1453 1419 1493 her-

69 1536 191 1578 bidas
222 1534 352 1587 ripaS‚
390 1543 563 1571 suorum
594 1525 750 1567 indicio
783 1521 990 1576 proditus7
1028 1518 1101 1571 qui
1133 1512 1311 1556 admissi
1348 1510 1421 1551 fla-

19 1610 54 1637 25
73 1594 172 1651 gitii
208 1594 326 1633 metu
365 1587 576 1642 exagitati
614 1585 667 1626 ad
704 1580 918 1637 praesidia
956 1576 1170 1618 desciuere
1212 1572 1422 1621 Romana,

75 1655 234 1707 absque
247 1650 338 1692 ullo
355 1661 551 1702 egressus
567 1644 719 1685 effectu
732 1639 882 1682 deinde
903 1635 1156 1679 tabescebat
1175 1628 1422 1673 immobilis.

174 1710 218 1752 4.
233 1711 269 1751 1.
285 1706 488 1750 Saraceni
506 1708 653 1745 tamen
665 1715 744 1743 nec
757 1698 884 1741 amici
896 1695 1022 1737 nobis
1036 1705 1240 1746 umquam
1254 1702 1332 1730 nec
1351 1687 1424 1727 ho-

79 1775 164 1814 stes
179 1767 368 1824 optandi,
387 1766 502 1807 ultro
515 1763 707 1815 citroque
721 1758 1010 1800 discursantes
1026 1749 1228 1807 quicquid
1241 1745 1428 1789 inueniri

77 1831 248 1886 poterat
277 1827 495 1867 momento
528 1820 734 1874 temporis
766 1815 891 1872 parui
928 1811 1161 1855 uastabant
1195 1807 1427 1848 miluorum

28 1905 62 1931 ³0
81 1887 299 1944 rapacium
331 1883 506 1935 similes,
545 1880 617 1934 qui
656 1879 692 1919 si
729 1875 932 1931 praedam
963 1868 1227 1924 dispexerint
1260 1864 1428 1915 celsius,

80 1945 231 1991 uolatu
261 1945 436 1998 rapiunt
468 1939 615 1992 celeri,
649 1940 723 1979 aut
755 1935 841 1977 nisi
872 1927 1219 1985 impetrauerint‚
1251 1937 1339 1965 non
1369 1922 1430 1962 in-

177 2115 192 2144 1
219 2120 266 2154 pe
296 2108 377 2151 [lac.
395 2108 416 2138 4
433 2102 520 2147 litt]
546 2100 723 2135 isauriam
747 2097 780 2131 V
795 2096 886 2138 (siue
910 2095 976 2129 lac.
995 2092 1065 2134 Pr)
1125 2093 1145 2124 5
1162 2085 1380 2122 Nohodares
1400 2084 1433 2117 G-

85 2155 265 2191 noodares
294 2152 406 2186 VPba
468 2153 488 2183 9
513 2145 610 2181 sueti
634 2145 702 2189 nga
727 2154 767 2176 su
787 2142 825 2175 et
854 2139 921 2174 VP
992 2141 1030 2171 11
1057 2142 1264 2179 parumque
1293 2129 1327 2164 G
1350 2140 1433 2173 par-

86 2203 240 2244 tumque
271 2197 384 2232 VPba
457 2198 496 2227 13
529 2189 643 2225 modo
680 2187 785 2223 VAP
816 2185 934 2219 instar
971 2183 1024 2226 by.
1096 2183 1138 2214 14
1169 2174 1338 2222 agitabat
1367 2174 1434 2217 bya

89 2249 130 2280 15
153 2245 294 2279 Batnae
320 2242 356 2276 A
378 2240 492 2274 batne
517 2235 622 2271 codd.
689 2237 728 2267 17
760 2228 1030 2266 mercatoribus
1054 2244 1098 2251 -—-
1125 2226 1166 2258 18
1183 2218 1435 2256 sollemnitate

89 2289 175 2326 add.
206 2288 286 2327 Vm,
335 2290 375 2321 18
399 2283 537 2318 mensis
567 2290 633 2314 om.
667 2279 710 2324 by
779 2281 822 2311 20
854 2276 892 2309 et
916 2273 1023 2308 Seres
1053 2279 1121 2304 om.
1153 2269 1198 2311 by
1267 2269 1309 2300 21
1347 2263 1436 2298 alia-

91 2345 162 2377 que
186 2333 231 2368 A.
257 2331 331 2367 alia
357 2330 425 2365 VP
450 2328 488 2363 et
512 2325 584 2361 alia
609 2325 653 2369 b9
733 2325 776 2357 25
801 2320 848 2355 ad
873 2320 939 2364 byca
965 2317 1003 2352 et
1030 2315 1098 2349 VP
1175 2316 1218 2347 30
1244 2308 1437 2354 rapacium

96 2379 261 2414 Valesius
274 2375 403 2421 rapaci
415 2373 484 2408 uiti
501 2371 569 2406 VP
582 2368 711 2414 rapaci
724 2367 824 2401 uitae
847 2365 914 2410 bqa
954 2366 995 2397 31
1011 2360 1082 2395 nisi
1101 2357 1267 2393 Valesius
1285 2354 1315 2388 si
1332 2352 1438 2388 codd.
