1573 2508
90 83 170 125 186
243 120 247 125 .
545 80 686 117 Xv1111
710 86 742 125 9,
766 86 888 124 5—10‚
912 84 932 115 2

88 180 231 219 turum
264 176 440 218 Nisibin
472 176 638 216 occulte
670 174 835 216 dimisit
866 175 1081 217 mandatis
1101 174 1353 229 arcanisque
1373 175 1433 216 ui-

87 238 158 278 tae.
191 235 432 277 secretioris
464 234 668 276 maritum
700 248 880 275 exorans
913 237 961 275 ut
992 233 1160 287 auditis,
1198 247 1305 288 quae
1337 247 1433 275 eon-

88 295 281 349 tigerint,
314 293 478 334 ueniret
511 307 653 334 secum
684 292 810 334 beate
842 292 1045 334 uicturus.
1094 293 1132 334 5.
1154 292 1307 347 quibus
1338 306 1434 333 con-

87 356 232 394 tentus
248 351 469 406 expeditus
485 352 626 393 uiator
646 365 721 405 per
742 351 954 392 saltuosos
974 350 1172 392 tramites
1187 354 1231 392 et
1248 350 1433 392 frutecta

88 411 262 453 Nisibin
287 410 487 465 passibus
508 410 604 451 citis
626 410 858 464 ingressus,
890 412 1172 464 causatusque
1193 423 1238 450 se
1258 408 1431 451 domina.
1451 422 1464 447 r

87 484 299 524 nusquam
340 469 434 511 uisa
476 472 518 510 et
558 469 741 510 forsitan
782 469 1041 522 interempta
1084 467 1185 509 data
1228 467 1434 509 euadendi

89 529 214 583 copia
253 529 405 569 castris
445 527 678 569 hostilibus
718 527 995 580 abscessisse,
1033 529 1075 568 et
1114 526 1208 567 ideo
1246 529 1294 568 ut
1331 525 1432 568 uilis

87 587 309 642 neglectus
330 587 453 628 docet
474 585 759 640 Craugasium
779 589 918 640 gesta:
940 599 1122 640 moxque
1145 587 1319 639 accepta
1351 583 1433 626 fide

89 646 213 701 quod,
244 646 280 686 si
300 648 394 687 tuto
427 645 609 698 licuerit,
641 647 841 699 sequetur
862 645 1087 698 coniugem
1114 643 1265 697 libens,
1297 643 1434 684 euasit

89 707 339 758 exoptatum
371 703 541 745 mulieri
577 703 775 744 nuntium
808 704 960 756 ferens,
999 717 1106 757 quae
1144 701 1226 743 hoc
1258 702 1432 756 cognito

87 778 164 818 per
196 763 504 817 Tamsaporem
525 762 674 804 ducem
706 762 1025 815 supplicauerat
1056 761 1149 815 regi
1169 764 1229 814 ut,
1261 761 1297 802 si
1318 761 1434 802 dare-

88 826 159 864 tur
190 821 386 874 facultas,
424 823 655 875 antequam
686 819 894 861 Romanis
926 820 1148 861 excederet
1185 819 1354 872 finibus,
1390 818 1436 859 in

87 883 350 935 potestatem
389 895 511 921 suam
548 880 714 921 iuberet
752 879 964 933 propitius
1002 878 1206 919 maritum
1244 877 1436 919 adscisci.

208 940 247 980 6.
278 939 455 980 Praeter
488 953 605 992 spem
637 939 783 992 itaque
815 938 1005 978 omnium
1038 937 1232 991 digresso
1272 936 1436 977 aduena

89 998 327 1052 repentino,
366 998 438 1051 qui
470 997 738 1051 postliminio
771 1011 966 1037 reuersus
999 995 1147 1036 statim
1181 995 1271 1036 sine
1302 994 1432 1036 ullius
1472 1024 1477 1031 .

90 1057 265 1098 euanuit
297 1056 558 1097 conscientia
589 1055 809 1109 perculsus
837 1055 1077 1108 suspicione
1099 1054 1181 1095 dux
1203 1054 1433 1095 Cassianus

89 1115 468 1170 praesidentesque
518 1114 578 1155 ibi
622 1128 818 1168 proceres
865 1114 940 1154 alii
984 1113 1235 1154 minitantes
1279 1111 1435 1153 ultima

90 1174 373 1228 Craugasium
405 1173 690 1225 incessebant,
726 1187 813 1213 non
851 1173 942 1213 sine
980 1172 1069 1213 eius
1108 1171 1332 1212 uoluntate
1364 1169 1434 1212 uel

89 1233 258 1274 uenisse
290 1232 359 1273 uel
392 1232 535 1273 abisse
566 1231 783 1272 hominem
816 1230 1099 1272 clamitantes.
1163 1230 1199 1270 7.
1232 1229 1304 1283 qui
1341 1243 1436 1283 pro-

89 1292 240 1333 ditoris
262 1294 455 1332 metuens
477 1290 637 1332 crimen
658 1290 942 1344 inpendioque
964 1288 1189 1342 sollicitus,
1208 1301 1261 1328 ne
1280 1287 1435 1329 transi-

90 1350 207 1391 tione
238 1349 444 1403 perfugae
465 1364 570 1391 uxor
591 1349 681 1390 eius
704 1362 924 1402 superesse
945 1348 1168 1389 doceretur
1188 1349 1231 1388 et
1255 1346 1434 1388 tractari

90 1409 296 1463 piissime,
316 1422 391 1462 per
411 1408 731 1449 simulationem
757 1406 1079 1448 matrimonium
1099 1405 1277 1447 alterius
1298 1405 1436 1458 splen-

90 1467 214 1508 didae
248 1467 430 1521 uirginis
464 1466 711 1508 adfectauit.
756 1469 799 1507 et
830 1466 950 1507 uelut
981 1467 1213 1518 paraturus
1243 1477 1436 1505 necessa-

89 1526 155 1567 ria
188 1525 384 1567 conuiuio
417 1525 601 1579 nuptiali
622 1538 819 1579 egressus
852 1524 904 1565 ad
936 1523 1086 1564 uillam
1108 1525 1260 1563 octauo
1293 1521 1435 1576 lapide

91 1584 145 1625 ab
184 1584 288 1625 urbe
321 1584 567 1637 distantem,
594 1584 760 1625 concito
794 1596 901 1637 equo
942 1581 994 1623 ad
1026 1581 1255 1622 Persarum
1293 1583 1435 1622 uasta·
1473 1612 1481 1618 .

91 1643 250 1683 torinm
295 1642 485 1696 globum,
530 1657 654 1696 quem
698 1641 905 1682 didicerat
950 1640 1199 1692 aduentare,
1243 1639 1437 1693 confugit

92 1703 398 1755 susceptusque
431 1704 618 1753 auenter‚
657 1701 728 1754 qui
762 1702 874 1741 esset
907 1713 955 1740 cx
994 1699 1061 1739 his
1094 1699 1293 1753 cognitus
1327 1712 1435 1753 quae

92 1759 362 1813 loquebatur,
395 1760 650 1813 Tamsapori
671 1762 770 1813 post
790 1759 902 1799 diem
922 1757 1108 1799 traditur
1129 1758 1324 1811 quintum
1343 1770 1435 1810 per-

92 1832 172 1872 que
211 1833 306 1859 eum
345 1819 436 1873 regi
475 1819 659 1872 oblatus,
698 1818 850 1872 opibus
890 1819 932 1857 et
969 1816 1279 1858 necessitudine
1319 1815 1435 1856 omni

91 1879 343 1931 recuperata
381 1892 476 1918 cum
521 1877 717 1930 coniuge,
763 1890 890 1930 quam
934 1889 1091 1929 paucos
1132 1877 1231 1929 post
1269 1888 1435 1915 menses

92 1935 250 1989 amisit,
283 1938 376 1977 erat
409 1936 581 1977 secundi
614 1935 697 1976 loci
719 1938 818 1988 post
837 1934 1116 1986 Antoninum,
1147 1936 1195 1974 ut
1215 1933 1276 1974 ait
1307 1935 1436 1987 poeta

91 1994 336 2047 praeclarus
374 1994 517 2049 ‘longo
563 1994 782 2048 proximus
822 1992 1077 2034 interuallo'.
1139 1992 1176 2033 8.
1208 1991 1283 2032 ille
1321 1991 1434 2032 enim

93 2052 266 2106 ingenio
300 2055 342 2093 ct
376 2068 453 2094 usu
486 2068 627 2093 rerum
665 2052 864 2093 diuturno
903 2052 1098 2092 firmatus
1137 2050 1328 2091 consiliis
1366 2064 1435 2090 ua-

183 2183 203 2213 2
229 2190 291 2213 exs
311 2190 404 2212 >rans
434 2179 501 2212 ΓΡ
583 2182 602 2212 6
628 2179 724 2212 uisas
756 2177 822 2212 VP
913 2182 931 2212 7
958 2177 1000 2210 ut
1023 2176 1108 2210 uilis
1136 2176 1167 2208 G
1194 2175 1294 2210 utilis
1323 2174 1434 2210 VPba

94 2229 136 2258 10
153 2234 248 2268 quae
306 2225 377 2256 (ἕλ’
393 2233 460 2257 om.
487 2224 530 2256 ba
582 2227 620 2256 16
637 2222 840 2267 suspitione
857 2223 889 2255 G
905 2221 1115 2267 pernitione
1136 2221 1247 2255 VPba
1297 2223 1337 2254 19
1351 2230 1435 2264 pro-

92 2268 222 2303 ditoris
246 2268 311 2313 byn
336 2268 544 2312 proditores
578 2267 640 2302 ΓΡ
730 2271 772 2301 ‘25
797 2278 893 2311 equo
917 2266 991 2301 ΑΡ
1014 2276 1111 2310 aquo
1141 2265 1174 2298 V
1193 2274 1260 2300 om.
1284 2275 1305 2299 r
1328 2275 1436 2299 eursu

92 2313 136 2357 ὂς
226 2317 269 2348 28
293 2313 494 2347 tamum-i
527 2312 592 2346 VP
617 2311 821 2356 Tansapori
846 2312 882 2345 A
906 2310 1037 2356 Sapori
1063 2310 1096 2345 G
1119 2311 1247 2345 tamen
1270 2309 1393 2354 sapori
1417 2309 1438 2344 b

93 2362 133 2393 31
161 2357 287 2392 amisit
311 2359 392 2392 crat
442 2357 587 2391 'alesius
611 2357 789 2392 amiserat
812 2356 916 2391 codd.
