1573 2508
141 105 222 146 154
637 101 756 137 XVIII
782 105 812 144 4,
841 107 942 144 5-5,
968 107 988 137 5

133 199 257 241 breui
301 199 418 240 iussa
461 197 665 238 fecerunt.
727 197 766 239 5.
809 196 962 238 horum
1008 199 1051 238 et
1095 195 1302 238 similium
1339 193 1482 237 taedio

134 259 255 300 iuuat
295 260 483 298 ueterem
521 255 696 297 laudare
735 255 1051 321 Domitianum,
1095 256 1167 309 qui
1208 255 1310 296 licet
1347 253 1482 308 patris

134 316 368 369 fratrisque
389 314 613 356 dissimilis
646 314 898 356 memoriam
917 314 1103 355 nominis
1134 314 1200 354 sui
1230 311 1485 367 inexpiabili

134 374 420 416 detestatione
440 373 641 427 perfudit,
673 376 819 414 tamen
838 372 1137 427 receptissima
1155 372 1358 413 inclaruit
1379 371 1484 438 ‘lege

137 448 222 487 qua
272 432 497 474 minaciter
542 432 823 474 interdixerat
866 447 919 473 ne
963 431 1079 472 intra
1123 431 1331 472 terminos
1375 429 1520 471 iuriss
1572 426 1573 447 ³

134 491 336 533 dictionis
367 490 588 533 Romanae
627 494 836 532 castraret
875 490 1101 544 quisquam
1137 503 1334 544 puerum3
1373 487 1486 543 quod

134 551 178 591 ni
225 551 496 605 contigisset,
542 551 636 604 quis
682 563 828 591 eorum
872 550 1004 590 ferret
1048 549 1258 601 examina,
1304 560 1486 601 quorum

136 609 291 650 raritas
323 609 498 650 difficile
530 608 770 649 toleratur?
809 609 847 650 6.
869 610 1012 649 actum
1045 610 1110 649 est
1140 610 1287 650 tamen
1319 605 1485 647 cautius

134 682 206 722 ne,
243 670 292 709 ut
329 668 539 721 fingebat,
577 682 724 708 rursus
762 667 922 708 accitus
961 666 1073 707 idem
1106 665 1328 707 Vrsicinus
1367 666 1486 705 metu

136 728 290 768 cuncta
321 726 529 779 turbaret,
562 725 634 766 sed
655 740 750 767 cum
781 725 870 766 fors
904 724 1069 779 copiam
1099 724 1337 777 detulisset,
1366 737 1485 777 rape·
1505 735 1538 760 10

135 787 254 826 retur
287 784 338 826 ad
370 786 566 826 mortem.

259 844 296 884 7.
328 843 447 884 Haec
480 843 771 897 operientibus
805 843 893 884 illis
934 845 977 883 et
1009 841 1185 896 ancipiti
1219 840 1486 896 cogitatione

136 902 358 956 districtis,
390 901 515 943 nobis
537 902 649 956 apud
670 901 953 954 Samosatam,
973 899 1252 954 Commageni
1274 899 1487 954 quondam

136 960 261 1015 regni
282 960 553 1002 elarissinam
586 960 740 1013 sedem,
773 974 1000 1014 parumper
1021 959 1288 1000 morantibus
1309 960 1485 1012 repente

136 1019 238 1060 110111
270 1022 411 1061 motus
444 1019 687 1061 rumoribus
709 1019 849 1060 densis
883 1018 1112 1060 audiuntur
1133 1020 1174 1059 et
1195 1016 1335 1059 certis.
1379 1030 1486 1071 quos
1506 1027 1540 1053 15

137 1077 310 1119 docebit
342 1078 550 1119 orationis
583 1078 861 1132 progrediens
893 1080 1048 1118 textus.

258 1135 300 1177 5.
338 1137 372 1177 1.
411 1136 657 1178 Antoninus
697 1136 868 1190 quidam
913 1150 962 1177 ex
1007 1137 1243 1177 mercatore
1283 1134 1487 1188 opulento

137 1195 396 1236 rationarius
436 1195 658 1249 apparitor
698 1194 1036 1248 Mesopotamiae
1075 1193 1210 1247 ducis,
1254 1195 1356 1235 tunc
1393 1206 1488 1247 pro-

138 1256 291 1307 tector,
323 1254 580 1295 exercitatus
614 1256 657 1295 et
687 1253 870 1307 prudens
909 1267 1067 1307 perque
1100 1267 1246 1294 omnes
1285 1252 1383 1293 illas
1415 1265 1488 1293 no-

137 1312 330 1353 tissimus
363 1315 513 1366 terras,
546 1313 751 1354 auiditate
779 1312 1043 1366 quormidam
1074 1325 1206 1353 nexus
1238 1310 1486 1365 ingentibus
1506 1321 1540 1348 πο

138 1371 303 1412 damnis
343 1386 438 1412 cum
478 1371 686 1425 iurgando
725 1373 875 1412 contra
911 1372 1109 1425 potentes
1149 1385 1192 1411 se
1225 1370 1363 1424 magis
1402 1383 1487 1411 ma-

139 1429 290 1483 gisque
323 1429 536 1471 iniustitia
568 1430 710 1485 frangi
737 1429 1112 1483 contemplaretur,
1144 1429 1196 1470 ad
1216 1427 1487 1470 deferendam

137 1488 380 1541 potioribus
419 1489 606 1543 gratiam
645 1489 717 1543 qui
755 1488 1011 1542 spectabant
1047 1487 1268 1541 negotium
1313 1487 1488 1528 inclina-

138 1546 208 1600 tis,
240 1561 292 1587 ne
327 1550 477 1588 contra
509 1548 707 1588 acumina
738 1547 995 1599 calcitraret,
1027 1546 1147 1588 flexit
1177 1561 1222 1587 se
1248 1546 1293 1587 in
1324 1545 1488 1587 blandi-

138 1605 224 1645 tias
264 1606 484 1646 molliores
524 1606 827 1660 confessusque
865 1605 1057 1646 debitum
1095 1619 1171 1659 per
1209 1605 1407 1646 eonludia
1443 1604 1541 1645 in2⁵

138 1677 296 1704 nomen
328 1664 420 1705 fisci
453 1665 722 1717 translatum,
753 1665 922 1718 iamque
944 1679 1122 1705 ausurus
1155 1663 1345 1704 inmania
1363 1663 1489 1704 rima-

142 1721 270 1763 batur
302 1723 456 1763 tectius
490 1724 551 1763 rei
584 1723 780 1776 publicae
814 1723 1007 1763 membra
1038 1722 1171 1763 totius
1193 1725 1236 1763 et
1267 1722 1489 1775 utriusque

139 1780 314 1834 linguae
347 1781 514 1822 litteras
548 1782 684 1823 sciens
718 1781 830 1822 cirea
861 1781 1087 1822 ratiocinia
1120 1781 1384 1833 uersabatur‚
1417 1779 1489 1833 qui

139 1839 209 1879 uel
250 1854 429 1893 quarum
468 1840 625 1881 uirium
663 1840 824 1880 milites
866 1839 938 1880 ubi
972 1842 1105 1893 agant
1136 1839 1204 1879 uel
1244 1838 1488 1893 procinctus

139 1900 334 1951 tempore
367 1913 450 1952 quo
484 1899 571 1939 sint
602 1899 772 1939 uenturi
805 1898 1060 1951 describens,
1092 1897 1241 1938 itidem
1273 1910 1490 1938 armorum
1508 1905 1543 1932 ³0

140 1959 183 1995 et
222 1958 535 1997 commeatuum
575 1957 720 2010 copiae
760 1956 928 2010 aliaque
968 1956 1062 1997 usui
1100 1955 1216 1996 bello
1256 1956 1401 1997 futura
1435 1969 1490 1996 an

141 2014 307 2054 abunde
359 2018 590 2068 suppetant
631 2014 844 2057 indefessa
888 2014 1177 2056 sciscitatione
1220 2016 1489 2068 percontans.

143 2071 182 2112 2.
223 2075 264 2113 vt
302 2087 397 2114 cum
436 2074 569 2114 totius
608 2074 785 2115 orientis
825 2073 1044 2114 didicisset
1075 2073 1260 2126 interna,
1298 2072 1489 2114 uirorum

235 2205 253 2227 κ
275 2198 407 2232 11111113
422 2199 661 2233 K¹ellcrbc1um
677 2199 816 2243 paritas
834 2199 901 2234 VP
914 2199 1079 2243 paruitas
1098 2198 1264 2233 Valesius
1311 2201 1352 2232 13
1370 2207 1490 2232 coma·

140 2243 228 2286 geni
250 2243 285 2276 1¹
310 2254 394 2284 1na‹
386 2243 458 2277 reni
484 2243 516 2276 V
562 2248 602 2277 15
621 2245 730 2278 certis
753 2244 920 2278 Valesius
937 2242 1118 2277 concertis
1141 2243 1207 2278 VP
1223 2241 1404 2278 concretis
1423 2242 1490 2276 ba

143 2291 184 2321 16
201 2289 326 2322 textus
344 2289 376 2321 Α
394 2288 514 2321 exitus
538 2288 647 2350 VPb!
697 2293 734 2323 17
751 2289 932 2323 Antonius
953 2287 1063 2322 Vl’ba
1103 2292 1144 2322 ‘23
1188 2252 1491 2338 otentioribusgq

141 2336 185 2367 ‘24
222 2332 328 2366 flexit
353 2332 421 2366 (ΞΑ
456 2332 573 2366 flectis
611 2333 625 2365 1
708 2338 751 2367 30
774 2344 864 2378 quos
896 2332 1103 2366 intuenturi
1200 2336 1292 2367 recte
1317 2332 1492 2366 distinaent

145 2377 242 2413 (211¹.
267 2376 320 2412 W.
338 2377 474 2411 Mulier
491 2388 581 2421 quos
600 2378 790 2412 intuentur
809 2379 842 2412 G
889 2382 931 2412 32
948 2377 1174 2411 scititationc
1189 2376 1221 2411 V
1257 2381 1300 2412 33
1314 2376 1401 2410 dum
1426 2375 1492 2410 VP
