1573 2508
129 65 161 100 x
468 37 478 40 ”
703 60 993 97 rammi-10.

130 163 277 202 tamen
308 159 446 213 prima
480 173 527 199 ac
560 157 785 212 potissima
818 170 919 198 cura
950 170 1042 197 esse
1074 155 1212 197 debet.
1274 153 1333 195 Et
1363 153 1473 196 Mar-

130 218 309 260 cellinus
349 216 520 272 quidem
558 221 651 257 tum
690 218 945 269 argumento
979 214 1137 268 operis,
1180 216 1275 255 tum
1305 212 1474 255 delectu

129 291 177 318 ac
209 275 504 330 dispositione,
536 277 629 315 tum
661 273 816 314 iudicio
850 287 896 314 ac
941 273 1022 314 fide
1066 271 1228 314 nemini
1260 271 1390 313 cedit:
1429 271 1475 313 in

134 335 394 389 praeliorum
427 348 527 374 vero
566 332 922 386 obsidionumque
960 330 1279 373 narrationibus
1311 329 1472 372 multos

130 393 260 447 longo
295 391 524 433 intervallo
563 394 748 445 superat.
809 389 953 431 Verba
987 392 1131 431 autem
1163 389 1258 443 ipsa
1293 391 1393 430 sunt
1424 402 1474 430 ea

132 451 303 506 quidem
335 450 489 491 Latina
526 450 614 491 fere
654 449 814 501 omnia3
862 449 934 490 sed
972 447 1237 490 constructio
1269 449 1312 489 et
1344 446 1474 489 collo·
1513 480 1516 483 Α

131 510 243 550 catio
265 509 492 551 verborum
515 512 590 562 est,
623 511 669 549 ut
691 508 752 549 ita
771 507 922 560 dicam,
954 507 1042 548 fere
1064 506 1278 548 militaris.
1321 504 1472 548 Nolim

128 570 273 609 tamen
322 567 496 609 omnino
546 579 715 620 negare,
765 566 810 606 in
859 566 927 606 his
984 565 1179 607 historiis
1230 563 1474 606 Marcellini

129 626 337 680 quaedam
370 640 588 667 occurrere
620 624 979 678 reprehendenda.
1040 623 1154 665 Nam
1187 626 1230 664 et
1259 623 1474 664 interdum

128 684 348 725 verbosior
369 688 451 737 est,
485 698 611 738 quam
643 698 720 737 par
741 683 814 736 sit,
848 686 891 724 et
923 683 1140 724 doctrinae
1162 682 1323 723 famam
1343 681 1473 722 nimis

128 743 317 784 affectat:
332 743 443 808 quod
460 742 612 783 vitium
634 744 698 782 est
719 742 968 795 plerumque
990 754 1149 794 eorum,
1176 741 1249 795 qui
1269 743 1473 794 provecta

127 801 214 842 iam
252 803 392 842 aetate
435 801 487 841 ad
525 800 667 841 studia
699 815 742 840 se
776 800 1063 841 contulerunt.
1124 798 1237 840 Hinc
1275 812 1473 840 excessus

130 859 195 900 illi
240 859 534 913 intempestiui
579 862 706 913 atque
751 859 936 912 pueriles
988 859 1037 900 de
1087 861 1227 899 terrae
1278 859 1474 899 motuum

130 917 287 971 causis,
320 918 369 959 de
403 916 612 971 Cometis,
645 917 694 958 de
726 916 849 958 Iride.
911 916 1140 958 Praeterea
1172 930 1399 957 numerum
1431 919 1473 957 et

129 978 279 1017 tonum
316 975 571 1017 historicum
615 990 711 1017 raro
752 979 911 1017 servat:
953 976 1025 1016 sed
1064 976 1151 1016 fere
1190 974 1472 1016 cothurnatus

129 1034 303 1088 incedit,
360 1049 455 1075 cum
506 1034 714 1075 historico
759 1035 985 1075 conveniat
1035 1037 1175 1075 tracta
1225 1036 1268 1074 et
1317 1033 1473 1074 leniter

128 1092 262 1133 fluens
301 1093 459 1142 oratio,
498 1107 625 1146 quam
658 1091 893 1146 εἰρομένην
936 1091 1054 1142 λέξιν
1096 1092 1359 1133 Aristoteles
1404 1106 1475 1145 ap-

128 1150 275 1204 pellat.
338 1149 418 1192 Sed
456 1150 562 1192 haec
600 1151 783 1191 fortasse
822 1151 1017 1192 excusari
1055 1153 1276 1205 poterunt,
1315 1150 1351 1191 si
1389 1164 1474 1191 me·

128 1209 376 1251 minerimus
417 1209 528 1263 quod
567 1209 609 1249 111
655 1209 769 1250 dicta
807 1209 992 1263 epistola
1028 1212 1214 1250 testatur
1255 1209 1474 1262 Libanius,

127 1266 331 1308 historias
371 1282 394 1308 a
431 1267 682 1308 Marcellino
721 1271 870 1309 nostro
908 1264 1018 1322 πρὸς
1055 1267 1283 1320 ἐπίδειξιν,
1327 1267 1370 1308 id
1408 1270 1474 1308 est

128 1325 180 1366 ad
225 1326 558 1367 ostentationem
604 1340 697 1367 esse
742 1327 1016 1379 compositas.
1085 1326 1269 1367 Proinde
1314 1325 1473 1367 mirum

129 1384 260 1425 videri
311 1398 397 1426 non
440 1384 585 1437 debet,
631 1399 780 1425 scenae
827 1385 989 1439 aliquid
1034 1399 1082 1426 ac
1126 1385 1297 1438 plausui
1335 1384 1388 1425 ab
1422 1397 1472 1426 eo

126 1442 274 1484 datum
313 1443 457 1484 fuisse.
519 1442 639 1483 Adde
679 1443 789 1496 quod
828 1442 932 1484 haec
971 1443 1078 1484 vitia
1119 1443 1296 1497 reliquis
1330 1443 1472 1496 operis

130 1501 363 1542 virtutibus
397 1516 443 1542 ac
477 1502 649 1543 dotibus
683 1501 808 1542 facile
841 1502 1136 1543 obscurantur.
1179 1501 1393 1556 Denique,
1424 1504 1473 1543 ut

128 1559 275 1612 paucis
320 1559 560 1613 absolvam,
605 1574 700 1600 cum
745 1560 797 1600 ad
840 1574 983 1601 rerum
1027 1560 1237 1614 civilium,
1281 1563 1374 1601 tum
1419 1558 1473 1600 ad

125 1616 454 1659 Ecclesiasticae
493 1618 700 1659 historiae
733 1619 1024 1672 cognitionem
1062 1619 1132 1660 hic
1171 1619 1355 1673 scriptor
1385 1632 1473 1660 11011

126 1676 252 1717 modo
296 1676 416 1717 utilis
462 1680 546 1730 est,
590 1677 662 1718 sed
707 1677 837 1718 etiam
882 1678 1160 1719 necessarius.
1221 1677 1319 1719 Etsi
1358 1676 1472 1718 enim

126 1733 315 1775 Deorum
360 1735 494 1776 cultui
538 1736 809 1789 mancipatus
854 1736 956 1789 fuit,
1001 1737 1112 1790 quod
1157 1738 1270 1778 certe
1320 1735 1472 1790 negari

125 1806 213 1834 11011
254 1796 410 1846 potest,
455 1809 503 1834 ea
548 1797 694 1835 tamen
738 1794 831 1847 fide,
877 1794 1136 1848 sinceritate,
1177 1794 1388 1836 modestia
1420 1793 1471 1836 de

127 1848 473 1893 Christianorum
523 1852 650 1893 rebus
702 1853 912 1906 loquitur,
957 1856 1004 1894 ut
1047 1853 1132 1894 nisi
1176 1867 1226 1894 ex
1270 1852 1470 1907 plurimis

126 1909 230 1950 locis
269 1912 361 1951 toto
400 1925 526 1964 opere
566 1911 726 1964 sparsis
759 1914 988 1964 constaret,
1026 1926 1123 1953 eum
1156 1912 1366 1953 cultorem
1397 1925 1472 1953 nu-

126 1968 290 2008 minum
323 1969 466 2021 fuisse,
499 1967 770 2010 Christianus
803 1983 889 2010 11011
921 1970 1137 2011 immerito
1157 1973 1304 2025 posset
1323 1969 1470 2011 videri.

125 2024 254 2067 Mitto
300 2026 411 2080 quod
456 2028 737 2082 antiquitates
783 2032 825 2069 et
875 2029 1066 2082 origines
1115 2032 1207 2070 tum
1258 2029 1470 2070 maiorum

125 2087 390 2137 nostrorum,
441 2089 544 2139 puta
583 2086 859 2140 Francorum,
910 2091 1001 2128 tum
1034 2087 1378 2129 Alamannorum
1427 2090 1470 2128 et

127 2140 474 2196 Burgundiorum
506 2144 772 2199 aliarumque
804 2146 999 2199 gentium
1018 2160 1106 2187 11011
1125 2145 1309 2200 aliunde,
1341 2159 1469 2200 quam

126 2214 175 2241 ex
216 2200 457 2242 Marcellini
495 2202 688 2244 historiis
728 2204 815 2257 peti
853 2208 1046 2257 possunt.
1122 2204 1265 2259 Atque
1303 2204 1469 2245 utinam

126 2259 329 2300 tredecim
362 2275 528 2315 quoque
561 2261 724 2315 priores
758 2262 857 2303 libri
891 2266 1181 2317 superessent,
1214 2263 1369 2318 quibus
1400 2276 1468 2304 res

126 2320 271 2369 gestas
314 2317 612 2371 Augustorum
659 2319 713 2361 ab
759 2321 932 2363 exordio
971 2319 1169 2363 Caesaris
1208 2320 1377 2363 Nervae
1416 2320 1469 2363 ad
