1614 2549
369 71 712 107 CONSTANTI-vs
737 71 799 105 ΕΤ
825 71 1056 106 IVLIANVS
1081 76 1145 107 361
1348 73 1432 114 249

86 167 368 210 stridentibus
400 166 551 208 iaculis
583 169 785 221 retroque
819 166 1063 220 gradientes
1090 168 1342 208 auerterunt
1374 181 1435 207 se—

85 242 181 269 cum
214 240 361 267 omnes
383 225 491 266 alios
524 228 643 266 metu
675 225 883 267 similium
904 240 928 266 a
958 226 1180 279 proposito
1212 225 1435 279 pugnandi

85 286 289 327 detortos.
352 285 389 326 7.
419 284 502 325 hoc
532 284 672 338 primo
706 298 938 339 congressu
971 284 1103 325 erecti
1133 284 1180 325 in
1211 283 1434 326 audaciam

85 344 233 397 clausi,
265 344 493 397 adsumpta
525 343 678 384 fiducia
710 344 938 385 meliorum
974 343 1099 397 parui
1131 342 1341 384 ducebant
1371 357 1434 383 re-

49 413 66 439 5
87 403 260 456 stantia,
291 402 594 456 mentibusque
632 402 823 443 fundatis
857 405 900 442 et
932 402 1166 455 conpositis
1198 415 1277 454 per
1314 415 1435 455 opor-

83 464 190 503 tuna
232 462 480 514 tormentis,
529 460 742 502 indefesso
792 461 941 502 labore
985 460 1161 514 uigilias
1206 462 1248 500 et
1293 463 1435 501 cetera

86 520 278 561 subsidia
317 520 561 561 securitatis
608 520 860 573 implebant.
923 520 961 560 8.
1003 522 1153 560 contra
1196 519 1434 560 munitores

84 579 187 620 licet
217 593 376 633 pauore
409 579 706 620 discriminum
739 579 867 632 anxii,
905 578 1065 632 pudore
1098 581 1256 631 tamen,
1287 592 1341 618 ne
1375 592 1435 618 se-

85 638 232 679 cordes
264 638 512 679 uiderentur
534 641 576 678 et
609 650 775 692 segnes,
806 637 882 678 ubi
912 652 1065 691 parum
1085 637 1150 678 uis
1173 636 1434 690 procedebat

31 709 64 733 10
83 696 223 738 Marte
257 699 406 750 aperto
438 699 666 750 temptata,
699 697 752 737 ad
784 697 1072 737 instrumenta
1103 695 1436 737 obsidionalium

85 756 245 797 artium
276 756 604 797 transtulerunt.
667 759 709 796 et
730 755 831 809 quia
861 769 938 795 nec
972 755 1179 796 arietibus
1209 754 1435 795 admouen-

84 814 148 855 dis
181 829 259 855 nec
292 815 343 855 ad
375 814 696 868 intemptandas
729 813 950 855 machinas
982 814 1053 855 uel
1084 816 1133 854 ut
1169 813 1338 866 possint
1376 812 1435 853 fo-

82 873 172 914 rari
205 873 390 914 cuniculi
427 874 729 914 inueniebatur
767 887 950 927 usquam
987 872 1148 913 habilis
1181 872 1312 924 locus,
1352 871 1436 911 dis-

82 933 308 986 paratione
329 933 451 973 breui
471 932 694 973 ciuitatem
708 931 918 973 Natisone
940 931 1056 972 amni
1076 930 1435 984 praeterlabente,

32 1003 64 1028 15
85 994 375 1032 commentum
408 991 701 1045 excogitatum
734 994 799 1031 est
832 1004 928 1031 cum
965 989 1184 1031 ueteribus
1223 989 1435 1030 admiran-

84 1050 197 1090 dum.
248 1050 286 1090 9.
320 1052 589 1091 constructas
620 1050 759 1090 ueloci
791 1049 933 1090 studio
966 1049 1134 1102 ligneas
1167 1050 1308 1089 turres
1340 1061 1435 1101 pro-

82 1109 341 1163 pugnaculis
362 1108 554 1150 hostium
575 1108 776 1149 celsiores
798 1107 1024 1161 inposuere
1051 1107 1296 1161 trigeminis
1315 1106 1435 1147 naui-

83 1168 163 1210 bus
194 1167 321 1209 ualde
355 1167 439 1208 sibi
471 1167 655 1220 conexis,
689 1166 842 1221 quibus
876 1166 1125 1207 insistentes
1160 1166 1319 1206 armati
1350 1179 1434 1206 uno

83 1227 262 1291 parique
295 1226 445 1267 ardore
476 1201 770 1280 prohibitores
791 1225 1020 1279 dispellere
1042 1224 1224 1266 conlatis
1258 1239 1309 1265 ex
1339 1238 1435 1278 pro-

31 1297 64 1322 20
83 1285 245 1339 pinquo
284 1285 449 1326 uiribus
488 1285 756 1325 nitebantur:
797 1284 1026 1338 subterque
1059 1283 1249 1337 expediti
1280 1283 1435 1324 uelites

85 1359 109 1385 a
153 1344 339 1385 turrium
371 1344 565 1385 cauernis
607 1343 785 1398 egressi,
829 1343 999 1384 iniectis
1037 1342 1284 1396 ponticulis,
1328 1356 1435 1396 quos

85 1406 184 1444 ante
238 1403 599 1456 conpaginarant,
631 1376 896 1455 ὃ’011111381οᾶ1
939 1401 1201 1442 festinarunt
1250 1400 1434 1442 indiuiso

82 1462 260 1516 negotio
280 1464 341 1515 ut,
373 1462 472 1502 dum
493 1461 688 1502 uicissim
721 1461 960 1502 missilibus
995 1475 1038 1500 se
1071 1462 1224 1514 petunt
1245 1462 1287 1501 et
1320 1460 1435 1500 saxis

83 1520 423 1575 utrimquesecus
457 1520 543 1561 alte
576 1520 721 1573 locati,
753 1519 798 1560 hi
829 1520 902 1574 qui
933 1519 1145 1560 transiere
1165 1533 1240 1573 per
1271 1521 1437 1572 pontes,

32 1591 65 1617 25
83 1579 204 1620 nullo
241 1579 546 1633 interpellante
586 1578 769 1619 aedificii
807 1581 930 1632 parte
971 1578 1177 1619 conuulsa
1211 1577 1350 1618 aditus
1390 1577 1436 1618 in

83 1638 325 1692 penetralia
340 1670 680 1679 ...............
702 1640 895 1678 serarent
930 1637 984 1678 10
988 1669 1079 1678 .....
1094 1637 1251 1677 iterum
1266 1650 1436 1677 summa

85 1697 225 1751 coepti
262 1697 485 1751 prudentis
525 1697 733 1737 aliorsum
772 1696 921 1737 euasit.
990 1710 1085 1737 cum
1130 1696 1245 1736 enim
1284 1694 1437 1736 aduen-

84 1758 227 1797 tarent
247 1756 335 1797 iam
366 1759 522 1809 turres,
555 1755 764 1796 contortis
785 1755 1001 1796 malleolis
1022 1754 1297 1796 madentibus
1330 1754 1436 1807 pice,

83 1814 320 1856 harundine
342 1814 444 1868 quin
476 1814 621 1868 etiam,
654 1814 882 1855 sarmentis
905 1828 953 1854 ac
982 1814 1103 1854 uario
1136 1813 1286 1854 fomite
1318 1812 1437 1852 flam-

31 1886 64 1911 30
85 1887 252 1914 marum
290 1873 628 1914 incessebantur.
692 1887 799 1927 quae
832 1872 1035 1926 quoniam
1072 1871 1268 1912 incendio
1308 1870 1438 1911 celeri

84 1932 430 1986 ponderibusque
473 1931 639 1986 trepide
683 1931 1020 1985 superstantium
1065 1930 1297 1971 inclinatae
1340 1943 1436 1983 pro-

86 1991 280 2032 ciderunt
319 1991 366 2031 in
404 1991 575 2044 flumen,
616 1993 884 2031 armatorum
917 1989 1051 2044 aliqui
1088 2003 1164 2043 per
1198 2003 1345 2030 earum
1376 1988 1436 2028 fa-

132 2100 148 2127 1
175 2094 306 2128 iaculis
329 2094 504 2138 retroque
530 2093 760 2138 gredientib3
783 2092 938 2136 'iaculis
963 2093 1138 2136 retroque
1163 2091 1378 2137 gradientes
1407 2091 1439 2124 V

129 2149 198 2183 per
222 2139 309 2173 add.
339 2138 508 2173 Valesius
530 2123 574 2172 ζ’,6
599 2138 774 2173 torrentis
803 2137 946 2172 VGAP
969 2147 1036 2173 om.
1071 2138 1090 2171 b
1138 2141 1179 2171 10
1209 2137 1342 2181 aperta
1370 2135 1438 2170 VP

86 2187 125 2218 11
129 2151 237 2226 pfort.
263 2194 329 2221 ser
354 2184 610 2217 transiuerunt
659 2183 817 2217 13100us
835 2192 901 2216 om
920 2183 1026 2227 Pbya
1074 2186 1116 2216 14
1131 2181 1311 2216 Natisone
1332 2181 1435 2215 Gte-

85 2229 178 2263 sioni
199 2228 267 2263 VP
313 2230 381 2263 *18
397 2228 509 2262 ualde
527 2228 570 2272 bg]
583 2227 708 2261 ualide
726 2240 749 2262 a
765 2227 879 2261 ualda
902 2227 932 2260 V
974 2231 1017 2262 23
1031 2227 1189 2261 uicisum
1208 2226 1241 2260 V
1284 2230 1327 2260 24
1345 2236 1434 2270 pon-

83 2274 140 2308 tes
156 2273 189 2308 G
203 2274 329 2318 partes
347 2273 461 2308 VPba
509 2273 577 2306 *26
591 2272 777 2317 penetrali
795 2273 875 2317 [lac.
891 2275 935 2306 15
949 2272 1019 2306 litt.
1023 2273 1036 2316 ]
1052 2272 1220 2306 serarent
1233 2271 1317 2315 [lac.
1330 2273 1353 2304 4
1367 2271 1435 2304 latt.

89 2285 227 2360 V(10p
239 2319 309 2353 litt.
340 2319 406 2363 P)]
437 2318 575 2352 iterum
610 2317 723 2352 VPba
753 2317 963 2362 penetralia
992 2318 1203 2351 reserarent
1231 2317 1368 2350 iterum
1403 2315 1437 2349 G

84 2366 127 2397 26
152 2373 283 2397 uerum
308 2374 454 2398 summa
477 2362 610 2406 Haupt
687 2363 753 2397 *27
778 2362 982 2407 prudentes
1010 2361 1078 2397 VP
1159 2365 1202 2396 29
1226 2360 1376 2395 formite
1405 2359 1441 2394 V
