1614 2549
377 96 716 133 CONSTANTIVS
740 96 802 131 ΕΤ
824 96 1056 132 IVLIANVS
1080 99 1146 133 360
1356 98 1440 141 235

91 207 217 248 quem
236 193 415 233 miserat
441 191 494 233 ad
514 189 830 246 Constantium,
862 193 1137 246 scrutatoque
1170 190 1310 246 siquid
1341 206 1438 246 por-

87 254 214 304 taret,
258 250 443 305 epistula
475 250 566 292 eius
610 253 782 305 reperta
819 253 897 304 est,
940 250 985 291 in
1026 264 1109 304 qua
1144 252 1318 304 praeter
1350 250 1437 292 alia

88 310 227 351 multa
266 309 309 350 id
349 323 515 364 quoque
558 310 789 363 scripserat
821 308 993 351 ‘Caesar
1033 312 1131 350 tuus
1163 308 1436 363 disciplinam

85 383 174 410 non
203 368 361 410 habet.'
421 367 638 410 Iulianum
670 371 813 410 autem
845 368 1019 410 adsidue
1050 382 1126 421 per
1162 368 1333 410 litteras
1365 368 1436 409 do-

48 450 68 475 5
87 427 251 468 minum
283 430 326 468 et
356 426 602 482 Augustum
634 427 885 481 appellabat
917 429 959 467 et
990 426 1128 467 deum.

205 484 249 527 4.
285 488 321 527 1.
339 485 460 527 Haec
491 488 538 527 ut
570 488 694 527 erant
724 485 967 540 periculosa
1001 487 1044 525 et
1065 485 1206 538 dubia,
1238 484 1432 528 Iulianus

86 545 132 586 in
163 544 338 586 exitiale
370 545 532 586 malum
552 547 755 598 eruptura
776 544 1063 597 considerans,
1095 543 1141 584 in
1165 558 1297 585 unum
1317 545 1435 586 omni

86 604 350 658 cogitatione
371 603 550 657 intenta,
582 618 678 644 eum
703 604 923 645 incautum
948 617 1098 656 rapere
1118 602 1367 657 festinabat,
1386 607 1435 644 ut

84 662 361 703 securitatem
393 677 515 703 suam
544 662 951 717 prouinciarumque
984 661 1147 703 locaret
1175 661 1221 702 in
1250 664 1358 716 tuto,
1391 665 1434 703 et

31 743 66 767 10
84 720 184 762 iniit
216 721 445 762 consilium
476 721 577 762 tale.
627 721 666 762 2.
697 721 972 776 Philagrium
991 720 1220 774 notarium,
1252 720 1432 762 orientis

83 782 236 833 postea
268 780 480 833 comitem,
513 780 566 821 ad
599 794 670 821 eas
702 780 880 821 miserat
911 782 1068 834 partes,
1101 779 1220 820 cuius
1253 780 1433 833 pruden-

82 839 170 880 tiae
202 838 362 880 fidebat
383 839 487 880 olim
520 839 603 880 sibi
624 839 828 893 conperti,
861 839 983 892 eique
1003 839 1116 879 inter
1147 838 1297 892 multa,
1325 852 1432 892 quae

81 911 160 951 pro
206 900 332 951 captu
373 898 629 938 instantium
665 912 808 938 reruni
851 900 945 938 erat
984 900 1168 949 acturus,
1213 896 1432 950 signata-m

83 970 249 1010 quoque
291 955 533 997 chartulam
573 956 764 1009 tradidit,
805 956 1122 1009 mandauitque,
1161 968 1215 995 ne
1245 955 1432 1008 aperiret

29 1035 63 1061 15
82 1014 153 1056 uel
184 1015 387 1055 recitaret
417 1015 502 1055 nisi
522 1014 785 1056 Vadomario
818 1015 911 1056 uiso
933 1015 994 1055 cis
1014 1013 1224 1055 Rhenum.
1281 1013 1319 1054 3.
1339 1028 1432 1068 per-

80 1073 193 1114 rexit
211 1073 461 1127 Philagrius
494 1076 541 1114 ut
573 1077 848 1126 praeceptum
881 1077 957 1125 est,
978 1087 1111 1127 eoque
1142 1075 1368 1126 praesente
1390 1075 1433 1113 et

78 1131 266 1186 negotiis
313 1132 519 1173 adstricto
570 1132 750 1173 diuersis
801 1135 1098 1186 transgressus
1143 1130 1430 1172 Vadomarius

79 1190 250 1244 flumen,
290 1193 337 1231 ut
377 1190 486 1231 nihil
528 1190 571 1231 in
610 1190 823 1244 profunda
855 1194 1049 1231 metuens
1081 1204 1197 1244 pace,
1236 1189 1430 1244 nihilque

81 1264 202 1291 secus
235 1253 458 1303 gestorum
497 1249 705 1290 simulans
745 1250 864 1303 scire,
903 1249 997 1290 uiso
1036 1248 1285 1303 praeposito
1318 1248 1430 1289 mili-

25 1329 60 1353 20
78 1310 172 1349 tum
204 1308 266 1348 ibi
297 1308 557 1374 degentium,
594 1322 731 1361 pauca
769 1308 938 1349 locutus
971 1322 1022 1348 ex
1054 1321 1183 1360 more,
1220 1307 1335 1348 ultro
1370 1321 1430 1347 se-

79 1370 180 1420 met,
212 1369 260 1407 ut
292 1367 547 1420 suspicionis
576 1366 687 1407 nihil
714 1367 976 1421 relinqueret
1009 1366 1218 1420 abiturus,
1248 1365 1301 1407 ad
1334 1380 1429 1406 con·

77 1426 242 1467 uiuium
269 1426 358 1466 eius
384 1425 530 1466 uenire
556 1426 769 1491 promisit,
802 1425 855 1466 ad
882 1425 1107 1480 quoderat
1134 1425 1263 1466 etiam
1284 1424 1430 1465 Phila-

79 1484 197 1538 grius
238 1484 460 1525 inuitatus.
521 1485 560 1524 4.
603 1484 677 1538 qui
718 1485 868 1525 statim
908 1485 1149 1538 ingressus,
1190 1496 1290 1537 rege
1334 1497 1430 1524 con-

78 1546 225 1597 specto
264 1543 538 1596 imperatoris
577 1543 823 1584 recordatus
857 1546 923 1584 est
960 1542 1105 1596 uerba,
1142 1545 1427 1596 causatusque

22 1622 58 1648 25
77 1616 169 1642 rem
202 1602 358 1642 seriam
398 1605 440 1642 et
471 1605 709 1655 urgentem,
747 1601 799 1642 ad
831 1602 1114 1642 diuersorium
1152 1601 1291 1655 rediit,
1329 1601 1430 1641 scri-

76 1660 248 1714 ptisque
289 1660 412 1701 lectis
454 1660 602 1701 doctus
645 1660 745 1714 quid
787 1661 858 1715 agi
900 1660 1160 1712 conueniret,
1202 1659 1428 1700 confestim

76 1733 274 1760 reuersus
316 1719 531 1760 discubuit
571 1719 683 1759 inter
724 1722 900 1760 ceteros.
962 1719 1000 1760 5.
1032 1718 1250 1772 finitisque
1288 1718 1427 1772 epulis

75 1776 388 1819 Vadomarium
419 1777 590 1818 fortiter
613 1777 927 1831 adprehensum
947 1777 1104 1818 rectori
1125 1777 1314 1818 militum
1336 1780 1427 1817 arte

78 1836 403 1877 custodiendum
437 1836 547 1890 apud
581 1837 705 1890 signa
743 1836 957 1889 conmisit,
994 1839 1117 1877 textu
1148 1836 1259 1876 lecto
1292 1835 1429 1876 iusso-

21 1914 58 1940 30
76 1909 184 1949 rum,
229 1895 458 1936 comitibus
504 1895 593 1936 eius
634 1895 687 1935 ad
731 1910 806 1936 sua
844 1895 982 1935 redire
1028 1894 1258 1948 conpulsis,
1302 1909 1350 1934 su
1352 1908 1428 1947 per

80 1953 233 2007 quibus
276 1953 387 1994 nihil
427 1953 567 1994 fuerat
609 1954 881 2019 imperatum.
955 1954 992 1994 6.
1026 1953 1241 1994 exhibitus
1281 1955 1428 1993 tamen

76 2011 191 2053 idem
221 2027 295 2054 rex
327 2012 380 2053 ad
410 2012 616 2066 principis
650 2015 791 2053 castra
824 2013 994 2066 iamque
1028 2026 1101 2065 spe
1133 2012 1283 2053 ueniae
1310 2012 1427 2052 0111111

75 2071 312 2125 praeclusa,
345 2085 440 2112 cum
471 2071 759 2124 interceptum
789 2071 1007 2112 notarium
1041 2073 1084 2111 et
1110 2084 1218 2125 quae
1250 2070 1426 2123 scripse-

166 2247 188 2277 4
213 2243 456 2279 adsidue—6
474 2243 637 2294 Iulianus
662 2252 728 2276 om
745 2243 804 2277 Rb
851 2247 871 2277 6
895 2244 939 2277 ut
963 2244 1070 2277 erant
1096 2243 1166 2278 GA
1190 2244 1330 2278 iterant
1359 2243 1426 2277 VP

76 2292 96 2323 8
110 2288 276 2323 intentae
296 2288 364 2323 VP
403 2300 488 2323 eum
501 2289 537 2322 A
550 2288 627 2322 uim
648 2287 715 2321 VP
737 2287 776 2321 ui
801 2288 844 2332 by
897 2292 916 2322 9
930 2287 1071 2322 locaret
1090 2289 1157 2333 bya
1171 2288 1339 2323 locarent
1358 2287 1425 2322 VP

78 2337 120 2367 18
144 2332 183 2367 111
210 2333 264 2368 Vb
288 2346 310 2368 α
335 2336 377 2368 ut
399 2334 436 2368 P
480 2337 525 2368 20
539 2333 757 2377 degentium
771 2333 874 2378 qua
893 2332 1134 2378 diligentium
1157 2333 1190 2368 V
1241 2333 1339 2367 ultro
1357 2333 1426 2377 hya

75 2377 184 2412 ultris
213 2377 247 2412 V
373 2383 415 2414 26
440 2378 640 2413 conueniet
670 2376 736 2411 VP
