1573 2508
97 94 178 134 130
595 89 700 126 XVII
724 94 756 134 9,
782 93 905 134 6-10‚
931 93 951 125 τ

95 201 204 239 mur,
235 200 320 226 non
353 198 504 226 aurum
536 198 673 238 neque
700 186 929 238 argentum
959 185 1168 238 petenteS,
1200 197 1309 238 quae
1340 183 1446 226 olim

94 258 172 286 nec
204 246 470 285 contrectare
503 242 724 296 potuimus
749 257 827 283 nec
858 241 1016 296 uidere,
1047 241 1112 284 ita
1141 242 1267 284 nobis
1286 244 1448 297 negata

95 303 216 345 uelut
248 304 398 343 contra
429 315 519 342 rem
558 300 777 355 publicam
814 303 882 342 tot
920 301 1157 354 suscepisse
1195 300 1365 342 labores
1403 303 1448 342 et

95 361 288 415 pericula
307 359 564 400 confutatis'.
626 360 664 401 6.
697 362 739 400 et
760 363 852 400 erat
870 359 981 400 ratio
1011 359 1126 400 iusta
1146 359 1447 413 querellarum.

97 420 209 461 inter
240 421 308 460 tot
341 418 454 459 enim
486 432 630 459 rerum
662 417 953 472 probabilium
974 431 1123 458 cursus
1156 417 1484 473 articulosques

96 477 402 518 necessitatum
441 476 649 530 ancipites
688 476 915 517 sudoribus
948 475 1184 517 Gallicanis
1221 475 1345 517 miles
1378 490 1446 518 ex-

96 536 278 578 haustus
316 549 393 576 nec
437 535 690 576 donatiuum
733 535 890 575 meruit
933 549 1010 575 nec
1054 534 1315 588 stipendium
1358 534 1446 576 iam

96 595 193 636 inde
224 597 274 635 ut
305 593 497 635 Iulianus
535 593 612 634 illo
647 596 712 634 est
743 594 913 647 missus,
951 607 1000 634 ea
1031 607 1077 634 re
1110 593 1222 647 quod
1252 606 1330 634 nec
1361 592 1446 647 ipsi

97 653 210 708 quod
242 653 362 694 daret
395 655 619 706 suppetere
651 654 823 706 poterat
853 666 1035 706 usquam
1067 665 1144 692 nec
1164 649 1445 693 Constantius

97 711 267 766 erogari
309 725 427 752 more
470 711 598 751 solito
639 710 933 764 permittebat.
1008 711 1044 750 7.
1086 709 1250 764 hocque
1295 709 1444 751 exinde
1466 725 1500 750 ιο
1539 723 1542 725 ’

97 770 253 812 claruit
285 769 434 810 fraude
466 769 611 822 potius
645 783 773 822 quam
810 768 1043 810 tenacitate
1077 768 1290 810 committi
1322 768 1446 822 quod,
1540 771 1548 782 “

99 843 195 870 cum
227 828 341 869 idem
373 825 530 869 Caesar
562 827 727 881 petenti
759 842 809 868 ex
841 842 920 868 usu
963 827 1160 881 gregario
1193 826 1361 867 cuidam
1398 828 1448 868 ut

98 887 255 928 barbas
289 886 551 939 detonderet,
583 886 770 927 dedisset
802 885 965 939 aliquid
991 885 1090 939 uile,
1122 885 1447 926 contumeliosis

97 945 325 986 calumniis
358 944 575 998 adpetitus
610 947 675 985 est
713 959 738 985 a
769 943 1009 985 Gaudentio
1051 947 1154 985 tunc
1184 943 1355 984 notario
1394 943 1447 984 ad

98 1003 381 1057 explorandos
415 1003 504 1044 eius
537 1006 657 1044 actus
689 1003 762 1043 diu
794 1005 962 1043 morato
995 1017 1071 1056 per
1102 1001 1286 1055 Gallias,
1321 1016 1448 1056 quem
1468 1016 1503 1043 15

98 1065 249 1116 postea
279 1062 370 1115 ipse
402 1061 585 1103 interfici
617 1062 761 1115 iussit,
799 1064 847 1102 ut
879 1061 973 1102 loco
1007 1060 1320 1102 monstrabitur
1352 1074 1448 1102 con-

97 1120 275 1174 petenti.

218 1177 291 1219 10.
310 1179 347 1219 1.
359 1178 514 1219 Lenito
529 1178 702 1219 tandem
716 1177 906 1219 tumultu
927 1192 1014 1218 non
1029 1178 1119 1218 sine
1138 1177 1448 1219 blanditiarum

98 1250 252 1291 genere
284 1237 406 1278 uario
435 1240 719 1290 contextoque
751 1236 897 1277 nauali
929 1238 1058 1290 ponte
1078 1236 1230 1277 Rheno
1261 1236 1447 1278 transito

96 1296 227 1338 terris
247 1295 589 1336 Alamannorum
611 1295 787 1336 calcatis
809 1293 993 1336 Seuerus
1025 1295 1234 1349 magister
1255 1294 1447 1349 equitum
1467 1309 1503 1335 20
1537 1319 1539 1323 .

97 1355 331 1396 bellicosus
364 1357 463 1394 ante
495 1354 600 1395 haec
631 1357 675 1394 et
706 1353 942 1394 industrius
975 1356 1148 1408 repente
1170 1353 1449 1394 conmarcuit.

100 1413 138 1454 2.
171 1416 215 1454 et
247 1412 321 1467 qui
354 1427 478 1466 saepe
518 1412 740 1453 uniuersos
773 1412 825 1453 ad
863 1412 1034 1453 fortiter
1072 1411 1314 1453 faciendum
1351 1410 1450 1453 hor-

97 1471 274 1512 tabatur
306 1474 349 1512 et
382 1471 589 1525 singulos,
629 1474 731 1512 tunc
763 1470 980 1511 dissuasor
1011 1470 1231 1524 pugnandi
1263 1472 1448 1511 contem-

97 1532 198 1583 ptus
236 1529 465 1570 uidebatur
503 1532 545 1570 et
587 1529 765 1570 timidus
804 1532 987 1570 mortem
1031 1530 1215 1570 fortasse
1254 1531 1448 1569 metuens

99 1588 415 1641 aduentantem,
448 1591 496 1629 ut
515 1588 558 1629 in
580 1587 798 1641 Tageticis
818 1587 940 1628 libris
974 1587 1135 1641 legitur
1160 1591 1197 1628 et
1215 1586 1448 1641 Vegonicis
1467 1601 1503 1628 25

97 1646 279 1687 fulmine
299 1661 398 1687 mox
431 1646 670 1699 tangendos
697 1645 801 1687 adeo
833 1645 1029 1686 hebetari
1061 1650 1111 1687 ut
1129 1660 1207 1687 nec
1238 1645 1450 1687 tonitrum

97 1719 176 1746 nec
207 1705 391 1746 maiores
431 1705 599 1758 aliquos
638 1704 806 1758 possint
837 1704 983 1745 audire
1022 1704 1230 1758 fragores.
1292 1706 1335 1745 et
1366 1704 1449 1745 iter

99 1763 315 1818 ignauiter
349 1766 497 1817 egerat
534 1766 704 1816 praeter
737 1763 927 1816 solitum,
965 1765 1014 1804 ut
1046 1763 1244 1804 ductores
1278 1762 1450 1804 uiarum

99 1825 353 1875 praeeuntes
387 1821 519 1862 alacri
552 1822 687 1875 gradu
721 1821 877 1862 ultima
909 1821 1147 1862 minitando
1180 1823 1374 1874 terreret,
1404 1821 1451 1861 ni
1560 1862 1563 1869 ,

99 1895 248 1922 omnes
281 1881 574 1934 conspirantes
608 1881 652 1920 in
677 1894 809 1921 unum
843 1894 886 1920 se
919 1880 1015 1920 loca
1045 1879 1217 1933 penitus
1250 1879 1450 1933 ignorare
1469 1894 1505 1920 80
1559 1879 1562 1925 ἶ

98 1940 331 1980 firmarent.
395 1939 466 1993 qui
500 1938 717 1980 interdicti
749 1941 990 1979 metuentes
1017 1938 1323 1980 auctoritatem
1353 1952 1450 1979 nus-

100 2012 228 2051 quam
261 1997 410 2038 deinde
444 2001 545 2038 sunt
574 1997 806 2051 progressi.

197 2104 207 2132 1
239 2101 411 2143 petentes
438 2100 470 2134 (ι’
497 2100 668 2144 poteritis
697 2099 810 2133 VPba
902 2103 922 2133 5
946 2098 1045 2134 inter
1068 2119 1111 2124 -
1136 2109 1260 2133 rerum
1284 2097 1371 2133 add.
1395 2097 1451 2131 V¹¹¹

101 2147 122 2178 6
147 2143 348 2178 exhaustus
379 2155 443 2178 om.
477 2145 556 2189 Pby
648 2145 691 2178 *7
724 2143 875 2177 *niam
907 2143 996 2186 (fuit
1028 2143 1198 2186 Neciam)
1299 2147 1340 2177 15
1371 2143 1450 2177 eius

100 2199 165 2222 om.
183 2188 286 2232 qua
339 2191 406 2222 *1ss
427 2189 532 2222 iussit
555 2190 598 2222 ut
623 2188 654 2221 G
682 2189 840 2222 iusserat
864 2191 943 2226 (mn.
964 2189 1020 2230 ut)
1039 2188 1154 2223 VPba
1206 2192 1250 2222 25
1261 2186 1449 2232 Tageticis

106 2232 275 2267 Valesius
299 2233 510 2277 tagetinicis
540 2233 608 2267 VI’
637 2232 789 2276 Tagetis
820 2232 929 2266 Tusci
961 2233 1027 2277 δρα
1115 2237 1198 2276 post
1227 2232 1368 2276 legitur
1396 2242 1449 2266 re-

93 2281 168 2322 pet.
214 2277 372 2311 fortasse
398 2281 569 2311 metuens
595 2277 866 2311 aduentantem
897 2276 964 2311 VP
1018 2278 1057 2312 et
1080 2278 1223 2312 inserui
1247 2287 1314 2310 om.
1342 2276 1447 2311 codd.

99 2322 292 2402 &goni-3⁸
323 2321 440 2401 Vlipla,
461 2323 621 2401 resgtuit
648 2322 835 2400 Κέεῧίίηρ
859 2321 1072 2401 νθέοιίἑῗθ-
1091 2326 1161 2401 ,Ξῖ
1185 2321 1364 2400 ὓοηίῒὲιιῃ
1382 2321 1451 2401 hyl?

143 2377 240 2401 reem
279 2377 341 2400 um
505 2374 530 2397 ¹.
571 2377 683 2411 egera
784 2376 917 2410 regera
1117 2378 1140 2400 u
1182 2376 1248 2402 om.
1309 2376 1414 2411 yssen
1441 2390 1450 2399 .
