1573 2508
100 43 181 86 116
630 40 736 78 xvir
759 45 792 86 2,
817 46 918 85 4—4,
943 47 964 78 5

100 139 261 188 mento,
294 136 436 178 inedia
467 138 511 177 et
543 135 706 190 uigiliis
739 139 782 178 et
813 136 1110 190 desperatione
1130 140 1349 191 postrema
1367 137 1449 179 las-

99 196 182 237 sati
202 198 355 250 sponte
382 209 426 235 se
447 194 621 248 propria
639 194 845 236 dederunt
865 195 1099 250 statimque
1120 196 1172 237 ad
1193 196 1447 238 comitatum

98 253 288 308 Augusti
315 256 415 294 sunt
435 252 569 294 missi.
601 254 640 294 4.
661 253 712 294 ad
734 267 840 307 quos
861 253 1107 295 eximendos
1132 255 1324 308 periculo
1343 255 1450 296 mul-

98 312 239 354 titudo
271 311 533 353 Francorum
565 325 750 366 egressa,
782 326 878 353 cum
917 316 1066 366 captos
1106 314 1369 367 conperisset
1405 316 1450 354 et

101 374 362 425 asportatos,
402 369 513 411 nihil
546 370 731 424 amplius
764 385 868 412 ausa
899 371 1119 425 repedauit
1151 372 1203 413 ad
1235 387 1328 425 sua,
1355 372 1451 414 ,1113-

102 445 182 483 que
218 430 418 483 perfectis
452 432 623 470 acturus
656 429 841 470 hiemem
874 430 1055 471 reuertit
1073 429 1263 472 Parisios
1284 429 1452 472 Caesar.

225 487 267 530 3.
293 490 328 529 1.
361 488 472 537 Quia
503 488 636 542 igitur
667 488 879 542 plurimae
912 493 1061 542 gentes
1094 489 1137 529 ui
1169 489 1331 530 maiore
1357 503 1452 530 con—

102 548 268 589 laturae
301 547 443 601 capita
475 547 770 612 sperabantur,
801 547 929 589 dubia
963 547 1176 589 bellorum
1208 548 1451 589 coniectans

101 606 270 647 sobrius
303 609 444 647 rector
482 605 650 659 magnis
683 620 881 646 curarum
920 607 1107 647 molibus
1146 606 1452 660 stringebatur.

103 665 288 719 dumque
327 679 401 718 per
434 664 620 705 indutias
660 664 762 705 licet
792 665 1038 718 negotiosas
1073 670 1115 705 (t
1154 665 1305 706 breues
1337 679 1454 707 aeru-

102 723 266 765 mnosis
310 737 607 777 possessorum
651 723 818 763 damnis
863 723 1021 764 mederi
1072 738 1196 777 posse
1242 723 1453 776 cr,edebat

105 782 261 823 tributi
305 781 533 822 ratiocinia
576 781 853 835 dispensauit
916 782 953 823 2.
987 797 1165 836 cumque
1209 782 1451 824 Florentius

103 840 344 895 praefectus
378 840 594 893 praetorio
616 843 766 881 cuncta
797 855 1059 893 permensus,
1090 845 1138 882 ut
1158 840 1454 894 contendebat,

103 899 302 954 quicquid
335 899 380 940 in
413 899 674 952 capitatione
706 899 886 952 deesset,
919 914 967 940 ex
1001 899 1254 953 conquisitis
1288 914 1332 941 se
1358 914 1454 954 sup-

102 958 222 1011 plere
254 958 459 1009 firmaret,
491 957 644 998 talium
677 971 851 1011 gnarus,
883 959 1071 999 animam
1104 958 1222 1012 prius
1255 959 1453 1000 amittere

104 1031 232 1071 quam
265 1016 346 1057 hoc
367 1016 505 1057 sinere
537 1016 629 1057 fieri
662 1016 943 1057 memorabat.
983 1018 1020 1057 Ξῖ.
1047 1020 1173 1058 norat
1193 1017 1307 1058 enim
1328 1017 1453 1058 huius

105 1074 223 1116 modi
243 1075 552 1128 provisionum,
571 1075 703 1116 immo
725 1075 1006 1127 euersionum,
1033 1079 1080 1117 ut
1099 1076 1242 1117 uerius
1262 1075 1455 1128 dixerim,

104 1129 369 1175 insanabilia
400 1133 578 1174 uulnera
610 1147 735 1187 saepe
768 1133 819 1174 ad
853 1134 1051 1175 ultimam
1085 1136 1323 1188 egestatem
1362 1149 1455 1188 pro-

104 1193 271 1234 uincias
316 1193 598 1244 contraxisse,
649 1207 756 1246 quae
801 1207 887 1245 res,
937 1196 984 1233 ut
1027 1193 1249 1234 docebitur
1293 1195 1456 1247 postea,

102 1251 274 1306 penitus
308 1251 466 1292 euertit
497 1250 732 1305 Illyricum.
794 1252 833 1292 4.
867 1251 920 1292 ob
955 1266 1061 1305 quae
1094 1252 1307 1305 praefecto
1339 1265 1456 1305 prae-

103 1310 218 1351 torio
251 1309 355 1351 ferri
395 1324 481 1351 non
512 1324 639 1363 posse
672 1310 884 1351 clamante
918 1325 962 1350 se
994 1313 1170 1364 repente
1203 1312 1364 1352 factum
1395 1311 1457 1351 in-

108 1368 259 1422 fidum,
298 1369 365 1409 cui
398 1368 620 1422 Augustus
653 1383 865 1409 summam
899 1370 1163 1410 commiserit
1194 1384 1353 1422 rerum,
1394 1368 1457 1410 Iu-

106 1427 249 1468 lianus
282 1442 378 1468 eum
412 1427 599 1468 sedatius
632 1427 796 1468 leniens
830 1427 1076 1481 scrupulose
1109 1428 1376 1481 conputando
1415 1430 1458 1468 et

110 1500 208 1526 uere
241 1486 386 1527 docuit
422 1500 507 1526 11011
541 1485 732 1526 sufficere
767 1486 926 1538 solum,-
963 1501 1111 1527 uerum
1143 1487 1275 1527 etiam
1307 1486 1457 1527 exube-

105 1559 201 1586 rare
233 1545 507 1598 capitationis
541 1544 752 1585 calculum
786 1545 837 1584 ad
858 1548 1173 1586 commeatuum
1194 1545 1456 1586 necessarios

112 1606 357 1657 apparatus.
402 1604 439 1643 5.
471 1602 609 1644 nihilo
630 1603 770 1643 minus
803 1608 948 1644 tamen
980 1603 1050 1644 diu
1083 1608 1234 1657 postea
1266 1603 1459 1644 indictio-

109 1661 207 1702 nale
248 1665 527 1715 augmentum
567 1662 760 1702 oblatum
801 1662 885 1702 sibi
921 1677 997 1703 nec
1038 1662 1216 1703 recitare
1256 1677 1332 1703 nec
1365 1662 1459 1703 sub-

107 1722 262 1761 notare
302 1734 528 1773 perpessus
573 1720 690 1760 humi
738 1720 928 1773 proiecit.
993 1721 1234 1775 litterisque.
1271 1721 1458 1774 Augusti

109 1779 299 1820 monitus
334 1793 381 1819 cx
415 1779 625 1820 relatione
659 1779 877 1832 praefecti,
908 1794 991 1820 11011
1014 1793 1140 1831 agere
1173 1779 1235 1820 ita
1263 1779 1459 1833 perplexe

108 1839 156 1878 ut
188 1837 405 1878 uideretur
438 1852 587 1891 parum
615 1837 841 1879 Florentio
875 1838 1000 1886 credi,
1032 1838 1254 1891 rescripsit
1287 1841 1458 1889 gratan-

109 1896 209 1937 ‹lum
252 1911 344 1936 esse
390 1897 424 1936 si
471 1896 748 1949 prouincialis
788 1896 886 1937 hinc
933 1897 1028 1941 inde
1071 1900 1265 1937 uastatus
1305 1897 1460 1938 saltem

110 1955 338 1997 sollemnia
382 1955 603 2008 praebeat,
655 1955 809 1996 nedum
854 1955 1134 2007 incrementa,
1185 1970 1291 2009 quae
1342 1955 1462 1996 nulla

111 2014 323 2066 supplicia
345 2014 490 2066 egenis
512 2017 687 2067 possent
709 2014 954 2054 hominibus
983 2017 1245 2068 extorquere.
1284 2015 1461 2055 factum-

112 2086 193 2125 que
215 2078 276 2112 est
311 2077 411 2112 tunc
434 2075 476 2113 ct
496 2073 646 2113 deind«-
668 2073 792 2113 unius
814 2073 944 2113 animi
980 2073 1196 2124 firmitate,
1217 2076 1263 2113 ut
1294 2077 1462 2125 praeter

200 2240 220 2268 3
246 2233 291 2267 1111
318 2245 409 2277 quos
437 2235 467 2265 (ι’
495 2234 637 2277 aliquos
672 2234 734 2269 1⁷1¹
828 2239 847 2267 ι’)
873 2234 919 2268 ad
945 2246 1011 2268 sua
1035 2237 1154 2268 castra
1179 2235 1221 2278 by
1313 2237 1333 2268 8
1367 2233 1458 2268 dolii

111 2289 134 2312 a
163 2277 195 2312 V
216 2277 342 2312 dolum
368 2279 436 2320 baa
519 2283 559 2313 14
584 2279 809 2322 capitatione
837 2278 869 2311 (τ’
895 2279 1106 2323 captatione
1138 2278 1241 2312 VAP
1335 2282 1376 2312 23
1404 2289 1460 2312 se—

112 2322 220 2357 datus
250 2321 385 2364 Vqua
478 2328 520 2357 25
545 2323 789 2367 capitationes
823 2323 940 2369 V121m3
