1573 2508
108 65 188 108 168
516 61 642 97 XVIII
669 66 721 104 10,
746 60 954 96 2-XV1111
980 65 1009 104 1,
1035 64 1056 96 3

106 162 330 201 monuerat
380 158 643 210 Antoninus,
692 171 768 210 per
811 155 981 198 Horren
1030 157 1073 196 et
1114 153 1365 196 Meiacarire
1409 156 1453 196 et

107 217 305 260 Charcha
343 219 391 257 ut
428 215 685 257 transiturus
723 214 943 268 Amidam,
981 227 1076 256 cum
1107 228 1240 268 prope
1273 212 1452 255 castella

105 276 303 318 Romana
323 275 524 328 uenisset,
555 288 736 328 quorum
755 287 886 314 unum
904 272 1082 326 Reman,
1102 272 1287 314 alterum
1306 271 1452 314 Busan

107 334 363 389 appellatur,
400 333 677 387 perfugarum
714 331 870 373 indicio
903 331 1053 374 didicit
1083 331 1318 372 multorum
1349 344 1451 385 opes

107 394 209 434 illuc
244 392 477 434 translatas
511 391 684 445 seruari,
704 393 751 432 ut
781 391 828 431 in
864 389 1120 432 munimenis
1152 389 1382 443 praecelsis
1408 392 1487 431 ets

107 451 216 505 fidis,
261 450 535 506 additumque
579 452 644 491 est
688 450 748 491 ibi
793 464 887 490 cum
932 448 1219 503 suppellectili
1261 448 1453 502 pretiosa.

106 510 289 551 inueniri
327 509 530 551 feminam
569 509 793 563 pulchram
831 523 927 549 cum
967 507 1059 549 filia
1101 507 1283 561 paruula
1325 505 1454 548 Crau-

106 569 218 623 gasii
249 567 447 609 Nisibeni
481 568 699 609 cuiusdam
730 582 917 619 uxorem,
950 567 993 608 in
1025 565 1274 619 municipali
1306 565 1452 607 ordine

106 641 276 682 genere,
316 628 449 680 fama,
488 627 768 680 potentiaque
806 625 1114 679 circumspecti.
1176 625 1214 665 2.
1247 623 1453 666 auiditate

105 687 250 741 itaque
296 685 489 739 rapiendi
531 685 672 726 aliena
715 685 923 726 festinans
961 685 1071 738 petit
1115 683 1263 737 inpetu
1306 682 1454 723 fidenti
1472 696 1508 721 10

106 744 302 798 castella,
341 744 451 785 unde
484 744 627 785 subita
665 744 797 784 animi
829 743 1174 784 consternatione
1211 741 1452 783 defensores

109 817 326 845 armorum
346 803 557 844 uarietate
589 802 835 856 praestricti
868 817 911 843 se
942 805 1199 855 cunctosque
1230 799 1454 854 prodidere

106 863 177 916 qui
205 861 257 903 ad
288 862 502 915 praesidia
523 861 820 915 confugerunt,
840 864 882 902 et
902 860 1067 914 digredi
1099 859 1205 901 iussi
1230 858 1455 900 confestim

105 921 249 962 claues
282 920 477 961 obtulere
508 923 742 974 portarum,
780 919 1090 974 patefactisque
1123 917 1310 960 aditibus
1343 916 1457 972 quic-

105 980 207 1034 quid
239 978 301 1019 ibi
334 982 584 1033 congestum
618 982 711 1020 erat
743 978 906 1020 eruitur
927 981 970 1019 et
1002 977 1233 1031 productae
1266 980 1366 1018 sunt
1385 976 1454 1018 ad·
1473 989 1507 1015 1⁵

104 1038 270 1079 tonitae
303 1040 421 1079 metu
453 1038 652 1079 mulieres
686 1041 729 1078 et
762 1038 947 1078 infantes
980 1036 1190 1078 matribus
1229 1035 1454 1090 implicati,

105 1110 258 1151 graues
291 1110 517 1137 aerumnas
551 1097 663 1137 inter
695 1096 822 1137 initia
853 1095 1078 1137 tenerioris
1100 1095 1254 1136 aetatis
1277 1094 1454 1148 experti.

107 1156 145 1196 3.
191 1169 370 1208 cumque
414 1170 488 1196 rex
531 1154 822 1208 percontando
865 1154 1085 1195 cuiusnam
1129 1153 1282 1210 coniux
1331 1156 1456 1207 esset,

106 1212 331 1269 Craugasii
377 1213 658 1268 conperisset,
707 1213 795 1254 uim
839 1214 883 1254 in
928 1228 971 1254 se
1015 1215 1277 1254 metuentem
1320 1226 1455 1267 prope

104 1273 249 1314 uenire
287 1273 485 1326 permisit
523 1271 782 1326 intrepidam
821 1275 864 1313 et
904 1272 1041 1314 uisam
1081 1274 1358 1326 opertamque
1403 1271 1456 1312 ad
1474 1284 1509 1309 20

105 1346 237 1386 usque
270 1330 392 1372 labra
423 1331 518 1385 ipsa
551 1334 644 1372 atro
677 1331 901 1384 uelamine,
934 1331 1115 1372 certiore
1147 1330 1233 1371 iam
1265 1344 1338 1383 spe
1371 1344 1456 1371 ma·

103 1390 180 1431 riti
212 1389 444 1443 recipiendi
477 1393 520 1431 et
557 1390 731 1443 pudoris
771 1389 971 1431 inuiolati
1002 1389 1191 1430 mansuri
1229 1388 1455 1442 benignius

105 1448 388 1490 confirmauit.
440 1448 614 1490 audiens
647 1449 761 1489 enim
794 1448 1018 1502 coniugem
1050 1448 1159 1488 miro
1193 1447 1282 1488 eius
1312 1461 1455 1488 amore

104 1508 301 1562 flagrare,
333 1506 413 1548 hoc
445 1507 636 1560 praemio
669 1506 923 1548 Nisibenam
956 1507 1243 1560 proditionem
1276 1506 1455 1547 mercari

105 1581 148 1607 se
186 1581 312 1620 posse
350 1565 656 1607 arbitrabatur.
717 1567 757 1606 4.
790 1565 985 1607 inuentas
1024 1570 1169 1606 tamen
1208 1565 1316 1606 alias
1355 1578 1455 1618 quo·
1474 1577 1509 1602 25

105 1640 185 1680 que
232 1625 422 1679 uirgines
468 1623 714 1666 Christiano
762 1624 848 1665 ritu
894 1624 1028 1665 cultui
1072 1624 1217 1665 diuino
1267 1626 1456 1664 sacratas

105 1684 310 1725 custodiri
343 1683 529 1724 intactas
551 1685 593 1723 et
619 1682 820 1736 religioni
853 1683 1014 1724 seruire
1047 1682 1176 1723 solito
1198 1696 1315 1723 more
1334 1681 1455 1723 nullo

105 1745 278 1784 uetante
322 1742 558 1796 praecepit,
608 1741 890 1782 lenitudinem
934 1742 1127 1795 profecto
1172 1741 1216 1782 in
1265 1743 1455 1794 tempore

105 1801 326 1855 simulans,
367 1803 415 1842 ut
448 1814 607 1853 omnes,
640 1814 745 1854 quos
779 1797 961 1842 antehac
987 1800 1160 1841 diritate
1187 1798 1456 1840 crudelitate-

105 1875 186 1914 que
207 1859 413 1911 terrebat,
441 1862 593 1912 sponte
614 1874 691 1899 sua
711 1862 829 1901 metu
848 1862 1013 1900 remoto
1034 1859 1230 1900 uenirent
1250 1857 1455 1911 exemplis
1475 1869 1510 1896 ⁸0

103 1919 347 1960 recentibus
381 1917 496 1959 docti
528 1917 797 1959 humanitate
824 1932 919 1958 eum
953 1921 995 1959 et
1027 1917 1218 1958 moribus
1250 1917 1337 1958 iam
1368 1915 1456 1970 pla-

106 1977 212 2018 cidis
248 1976 592 2032 magnitudinem
624 1979 885 2030 temperasse
918 1976 1127 2017 fortunae.

195 2123 213 2150 :3
240 2118 356 2152 busan
388 2118 471 2153 V³11
496 2118 564 2151 bus
594 2118 636 2151 V¹
703 2122 722 2151 5
748 2118 996 2152 monumentis
1026 2117 1137 2152 VPba
1208 2118 1256 2151 *9
1282 2120 1364 2160 post
1388 2117 1456 2151 cir·

105 2163 309 2206 cums-pecti
334 2163 399 2197 lac.
427 2166 473 2198 25
499 2164 568 2198 litt.
600 2163 666 2197 VP
739 2167 779 2196 12
798 2162 1059 2213 praestrinctis
1091 2161 1119 2195 V
1191 2165 1233 2196 16
1257 2162 1361 2196 metu
1390 2160 1457 2195 VA

104 2207 227 2242 sonitu
252 2207 333 2251 Pbgs
426 2212 466 2242 17
490 2208 588 2242 inter
612 2207 720 2241 initia
739 2208 772 2241 G
795 2209 894 2242 inter
909 2208 979 2241 niti
1002 2207 1114 2241 Vl’ba
1208 2210 1249 2241 18
1273 2215 1456 2250 quaenam

104 2251 260 2296 Lanqen
356 2257 395 2286 19
429 2252 611 2302 crausagii
653 2252 716 2286 VP
808 2256 851 2286 20
881 2252 1046 2330 adusque
1074 2251 1286 2285 Gronouius
1316 2249 1381 2284 abs
1409 2259 1455 2284 ue

109 2296 244 2340 VPbya
338 2300 380 2330 28
414 2296 622 2331 lenitudme
657 2296 720 2330 VP
779 2301 820 2332 :39
839 2297 950 2331 crude
969 2296 980 2330 i
1001 2297 1135 2340 ateque
1161 2305 1226 2330 om.
1259 2295 1301 2340 by
1325 2305 1388 2329 cru
1419 2304 1456 2329 e·

105 2341 210 2376 litate
237 2351 302 2378 om.
330 2341 364 2374 P
417 2345 459 2374 :32
485 2341 650 2374 fortunas
681 2341 748 2375 VJ’
