1614 2549
17 182 31 198 ·.
1110 182 1115 186 .
1140 182 1155 192 ἢ
1198 177 1210 190 «

12 203 98 256 -nel
116 203 264 245 innare
294 205 457 244 temere
478 203 692 245 contextis
725 203 916 245 cratibus
935 205 1106 259 parant,
1137 182 1296 247 effusae
1322 205 1382 247 le—

27 262 188 319 giones,
219 275 327 316 quae
358 261 611 303 hiemabant
647 264 749 303 tunc
788 263 899 316 apud
938 262 1085 318 Siden,
1129 263 1266 305 isdem
1303 264 1381 305 im-

25 322 128 376 petu
170 334 391 362 occurrere
423 320 576 362 ueloci.
638 323 682 361 et
719 321 854 374 signis
886 336 1020 376 prope
1051 323 1190 376 ripam
1223 323 1378 365 locatis

0 377 1 420 Ϊ
26 379 81 422 ad
98 393 249 421 manus
271 379 508 420 comminus
541 379 825 420 conserendas
846 380 1023 421 denseta
1045 383 1264 423 scutorum
1285 396 1380 423 con-

0 451 136 494 ·›page
180 440 315 479 semet
347 438 635 479 scientissime
666 439 1010 492 praestruebant,
1043 454 1171 480 ausos
1211 455 1379 494 quoque

26 497 192 552 aliquos
224 496 379 538 fiducia
397 496 529 538 nandi
560 497 630 538 uel
663 497 829 538 canatis
863 497 1066 538 arborum
1096 499 1260 539 trimcis
1294 514 1380 540 am-

23 570 122 597 nem
152 569 373 609 permeare
404 556 591 597 latenter
609 555 817 596 facillime
849 556 1131 597 trucidarunt.
1184 558 1248 597 11.
1269 557 1379 598 unde

22 614 247 669 temptatis
287 614 340 655 ad
371 614 601 655 discrimen
631 614 833 655 ultimum
866 615 1033 656 artibus
1066 615 1251 656 multum
1284 630 1380 656 cum

23 672 133 716 nihil
163 673 481 727 impetraretur,
513 687 674 726 pauore
705 673 833 727 uique
872 673 1109 727 repellente
1142 674 1305 715 extrusi
1337 677 1380 715 et

0 746 108 787 ›quo
145 731 370 773 tenderent
408 732 678 786 ambigentes
710 746 865 773 uenere
897 746 1030 786 prope
1064 732 1269 786 oppidum
1300 732 1379 773 La-

22 790 168 832 randa.
214 791 280 831 12.
301 790 362 831 ibi
382 790 499 831 uictu
518 791 699 832 recreati
719 793 762 831 et
783 790 939 844 quiete,
958 793 1190 845 postquam
1211 791 1380 832 abierat

22 849 164 903 timor,
195 849 313 890 uicos
347 849 574 902 opulentos
614 849 754 890 adorti
786 850 1049 903 equestrium
1088 850 1276 891 aduentu
1313 864 1379 891 co-

23 906 225 961 hortium,
258 922 366 962 quae
399 922 499 949 casu
530 908 903 962 propinquabant,
943 922 1021 949 nec
1054 908 1256 949 resistere
1287 908 1379 962 pla-

21 966 128 1008 nitie
158 968 356 1020 porrecta
388 967 532 1008 conati
563 966 748 1020 digressi
781 969 881 1007 sunt
917 969 1117 1021 retroque
1151 967 1379 1008 conceden-

0 1027 88 1067 ates
121 1039 245 1066 omne
278 1025 516 1066 iuuentutis
548 1026 680 1067 robur
711 1024 912 1066 relictum
944 1026 989 1066 in
1022 1025 1195 1066 sedibus
1217 1025 1379 1067 acciue-

22 1086 134 1126 runt.
182 1084 247 1125 13.
267 1086 310 1126 et
331 1085 536 1138 quoniam
561 1084 704 1125 inedia
724 1084 848 1138 graui
870 1084 1215 1138 adflictabantur,
1236 1084 1379 1126 locum

21 1143 212 1197 petiuere
255 1142 411 1184 Paleas
455 1143 640 1196 nomine,
680 1146 932 1197 uergentem
977 1143 1022 1183 in
1065 1158 1194 1197 mare,
1232 1143 1378 1184 ualido

21 1215 145 1243 muro
182 1201 412 1256 firmatum,
455 1202 530 1243 ubi
568 1201 808 1243 conduntur
843 1217 955 1243 nunc
997 1216 1130 1256 usque
1170 1216 1379 1243 commea-

21 1262 92 1302 tus
130 1260 332 1302 distribui
364 1260 576 1302 militibus
611 1275 736 1302 omne
777 1261 891 1302 latus
929 1260 1122 1302 Isauriae
1154 1260 1379 1302 defenden-

0 1319 138 1360 ›ti'bus
183 1319 362 1360 adsueti.
408 1319 727 1360 circumstetere
771 1319 907 1373 igitur
944 1319 1024 1360 hoc
1065 1320 1379 1360 munimentum

20 1392 99 1432 per
117 1378 306 1419 triduum
333 1380 377 1418 et
407 1377 658 1419 trinoctium
679 1380 722 1419 et
743 1392 838 1419 cum
868 1392 1006 1432 neque
1028 1378 1256 1419 adcliuitas
1283 1379 1377 1432 ipsa

22 1437 113 1478 sine
133 1435 378 1477 discrimine
399 1436 509 1478 adiri
540 1436 676 1490 letali,
707 1451 785 1478 nec
806 1436 1013 1478 cuniculis
1036 1437 1264 1491 quicquam
1285 1437 1379 1491 geri

19 1497 180 1549 posset,
211 1509 289 1537 nec
319 1495 570 1548 procederet
601 1495 739 1537 ullum
771 1495 1041 1537 obsidionale
1075 1498 1378 1547 commentum,

21 1553 178 1596 maesti
211 1553 419 1595 excedunt
448 1557 670 1608 postrema
689 1554 734 1595 ui
766 1554 993 1608 subigente
1026 1555 1191 1596 maiora
1211 1554 1376 1596 uiribus

0 1640 2 1649 ι
23 1612 278 1667 adgressuri.
313 1613 379 1654 14.
392 1613 570 1667 proinde
586 1616 793 1667 concepta
806 1613 926 1654 rabie
942 1613 1147 1666 saeuiore,
1169 1628 1298 1667 quam
1311 1613 1379 1654 de-

22 1672 210 1725 speratio
242 1671 497 1713 incendebat
535 1675 578 1713 et
608 1672 757 1727 fames,
802 1672 1077 1726 amplificatis
1116 1672 1281 1713 uiribus
1315 1687 1379 1713 ar-

21 1730 122 1771 dore
162 1729 389 1771 incohibili
425 1731 472 1772 in
509 1731 718 1772 excidium
759 1731 931 1772 urbium
969 1730 1122 1772 matris
1156 1729 1377 1772 Seleuciae

22 1788 320 1841 efferebantur,
359 1804 488 1844 quam
520 1804 662 1831 comes
700 1790 904 1831 tuebatur
936 1787 1171 1831 Castricius
1203 1792 1377 1844 tresque

20 1847 215 1902 legiones
235 1847 404 1889 bellicis
427 1848 654 1889 sudoribus
675 1849 912 1890 induratae.
960 1848 1025 1889 15.
1048 1848 1202 1889 horum
1224 1848 1379 1889 aduen-

0 1906 371 1960 ›tumpraedocti
409 1907 776 1960 speculationibus
821 1907 917 1948 fidis
962 1909 1149 1948 rectores
1188 1907 1378 1947 militum

20 1967 186 2006 tessera
229 1964 331 2006 data
372 1965 574 2006 sollemni
612 1968 802 2006 armatos
841 1979 988 2006 omnes
1028 1965 1159 2006 celeri
1196 1965 1378 2005 eduxere

113 2096 131 2126 1
163 2091 347 2126 contextis
390 2091 554 2126 cratibus
585 2091 776 2136 Kiessliny
814 2091 981 2125 contexti
1018 2091 1105 2124 sunt
1134 2090 1275 2125 ratibus
1311 2090 1379 2125 VP

20 2142 42 2171 5
68 2137 189 2171 temet
217 2135 286 2170 VP
335 2140 377 2171 10
401 2136 639 2181 ambigentes
664 2146 804 2171 uenere
826 2135 896 2170 GA
921 2135 1131 2170 ambientes
1156 2134 1287 2169 uenire
1310 2134 1378 2169 VP

24 2186 64 2216 11
90 2181 157 2216 ubi
183 2180 218 2215 G
312 2184 353 2215 12
378 2180 544 2216 aduentu
569 2181 708 2216 Horkel
732 2180 950 2215 adiumento
976 2180 1079 2215 codd.
1168 2184 1209 2215 15
1235 2180 1379 2215 accine-

21 2261 112 2294 runt
134 2260 214 2312 eya.
247 2234 465 2304 accifferunfi
493 2259 527 2293 V
611 2263 653 2294 22
684 2259 801 2304 possit
824 2258 927 2293 adire
949 2258 1039 2292 V¹P
1067 2258 1186 2303 possit
1210 2258 1305 2292 adiri
1332 2257 1380 2291 V2

23 2305 67 2350 by
91 2304 187 2339 adiri
210 2304 248 2339 Α
321 2309 365 2339 23
389 2304 613 2349 procederet
636 2304 770 2347 scripsi
792 2303 1025 2348 procedebat
1048 2303 1151 2338 codd.
1172 2307 1256 2347 post
1280 2314 1377 2337 com-

22 2350 194 2384 mentum
224 2349 420 2384 inductum
442 2350 613 2384 mentum
629 2351 670 2385 in
693 2349 725 2384 V
739 2359 805 2384 om.
824 2349 882 2383 Pr
928 2352 970 2383 27
996 2347 1159 2382 seleucia
1189 2347 1256 2382 VP
1279 2348 1379 2382 inso-

21 2393 140 2429 lentia
161 2394 229 2439 rby
291 2397 362 2429 *30
393 2393 486 2429 fides
514 2393 583 2429 VP

26 2492 236 2549 Β·
129 2497 137 2504 ”
159 2496 161 2498 ’
183 2497 202 2500 ’“
243 2501 402 2549 nasu
