1614 2549
427 60 766 96 CONSTANTIVS
790 60 854 95 ET
880 60 1067 95 GALLVS
1092 65 1158 96 353
1413 62 1467 103 29

239 157 275 197 7.
294 155 354 197 Et
384 155 524 209 prima
547 157 647 209 post
668 154 935 196 Osdroenam
968 170 1107 209 quam,
1139 157 1187 196 ut
1206 155 1368 196 dictum
1390 159 1468 210 est,

118 216 173 258 ab
214 214 294 256 hac
335 214 620 268 descriptione
663 214 960 268 discreuimus,
1003 212 1312 269 Commagena,
1356 229 1467 256 nunc

117 273 452 329 Euphratensis,
494 273 726 314 clementer
768 273 981 327 adsurgit,
1029 271 1273 327 Hierapoli,
1323 276 1467 314 uetere

117 332 232 374 Nino
265 335 309 373 et
341 331 568 374 Samosata
594 332 851 373 ‘ciuitatibus
886 331 1041 385 amplis
1073 332 1283 373 inlustris.

82 401 100 428 5
238 393 276 433 8.
307 391 420 433 Dein
441 390 565 445 Syria
585 405 661 445 per
682 391 921 445 speciosam
947 390 1184 444 interpatet
1203 390 1359 432 diffusa
1378 391 1468 445 pla-

117 450 282 491 nitiem.
343 450 454 491 hanc
485 449 691 491 nobilitat
722 449 973 503 Antiochia,
1012 449 1169 490 mundo
1208 450 1382 504 cognita
1415 450 1469 491 ci-

118 509 250 563 uitas,
292 509 359 550 cui
389 523 476 550 non
513 509 745 549 certauerit
778 508 864 549 alia
906 508 1154 549 aduecticiis
1188 508 1250 549 ita
1283 508 1468 549 adfluere

119 568 254 622 copiis
301 571 342 608 et
392 567 590 620 internis,
641 570 683 608 et
727 567 929 608 Laodicia
981 570 1023 607 et
1067 566 1253 620 Apamia
1303 567 1469 608 itidem-

119 641 200 681 que
240 625 433 668 Seleucia
477 627 565 667 iam
608 626 705 667 inde
751 641 774 667 a
819 625 970 680 primis
1010 625 1213 680 auspiciis
1258 626 1469 666 florentis-

68 696 100 720 10
120 700 266 727 Slmae.

237 744 277 786 9.
309 744 415 785 Post
434 744 545 785 hanc
566 744 747 785 adclinis
763 743 928 784 Libano
948 743 1085 784 monti
1099 742 1327 796 Phoenice,
1347 743 1468 797 regio

119 804 247 858 plena
279 803 519 858 gratiarum
553 806 595 844 et
633 802 892 855 uenustatiS,
934 802 1111 843 urbibus
1149 802 1352 844 decorata
1383 817 1470 843 ma-

120 863 217 917 gnis
251 866 292 903 et
323 861 534 915 pulchris,
574 862 618 902 in
650 861 805 916 quibus
838 861 1100 902 amoenitate
1134 861 1469 915 celebritateque

118 921 342 962 nominum
374 920 512 975 Tyros
552 920 743 972 excellit,
782 919 914 961 Sidon
946 922 989 960 et
1027 919 1212 974 Berytus
1252 918 1470 973 isdemque

67 988 102 1013 15
119 994 246 1034 pares
285 979 460 1022 Emissa
503 983 540 1021 ct
576 979 815 1020 Damascus
861 979 1042 1019 saeculis
1089 978 1260 1019 condita
1304 978 1471 1032 priscis,

123 1039 189 1080 10.
214 1038 294 1080 has
327 1042 470 1080 autem
491 1038 749 1092 prouinciaS,
782 1052 887 1092 quas
910 1036 1093 1078 Orontes
1116 1037 1309 1079 ambiens
1331 1037 1470 1078 amnis

120 1098 313 1151 imosque
346 1097 472 1151 pedes
495 1096 635 1138 Cassii
667 1096 827 1137 montis
860 1096 979 1137 illius
1013 1096 1117 1137 celsi
1148 1099 1470 1150 praetermeans

120 1156 312 1198 funditur
342 1157 387 1197 ‘in
418 1155 700 1197 Parthenium
732 1169 863 1208 mare,
895 1154 1066 1195 Gnaeus
1087 1154 1317 1208 Pompeius
1351 1169 1472 1208 supe-

120 1218 217 1257 rato
259 1214 447 1269 Tigrane
496 1214 642 1268 regnis
683 1214 986 1254 Armeniorum
1024 1214 1267 1255 abstractas
1314 1213 1472 1255 dicioni

69 1282 104 1308 20
121 1273 343 1316 Romanae
376 1273 608 1315 coniunxit.

245 1333 309 1373 11.
341 1332 508 1373 Ultima
530 1331 752 1386 Syriarum
773 1333 839 1371 est
859 1330 1110 1372 Palaestina
1131 1345 1206 1384 per
1238 1331 1472 1372 interualla

123 1403 281 1445 magna
312 1393 532 1445 protenta,
570 1390 698 1432 cultis
739 1390 961 1431 abundans
994 1389 1122 1431 terris
1162 1393 1205 1430 et
1241 1389 1392 1431 nitidis
1430 1392 1473 1430 et

123 1449 321 1491 ciuitates
342 1449 506 1491 habens
528 1449 735 1504 quasdam
768 1448 978 1503 egregias,
1009 1448 1175 1490 nullam
1195 1448 1305 1490 nulli
1327 1448 1472 1490 ceden-

86 1542 93 1549 .
121 1512 211 1550 tem
242 1508 315 1549 sed
347 1508 431 1549 sibi
462 1508 655 1550 uicissim
694 1507 815 1548 uelut
854 1507 905 1548 ad
943 1507 1294 1561 perpendiculum
1333 1521 1473 1549 aemu-

70 1576 104 1602 25
122 1567 206 1609 las:
239 1566 508 1621 Caesaream,
540 1582 669 1621 quam
689 1566 742 1608 ad
773 1566 983 1607 honorem
1005 1565 1233 1608 Octauiani
1264 1566 1472 1620 principis

123 1626 423 1668 exaedificauit
452 1625 659 1680 Herodes,
692 1629 734 1666 et
765 1625 1137 1678 Eleutheropolim
1170 1629 1213 1666 et
1240 1624 1473 1679 Neapolim

123 1685 357 1740 itidemque
394 1685 654 1726 Ascalonem
691 1684 853 1726 Gazam
897 1698 1003 1725 aeuo
1050 1684 1268 1738 superiore
1311 1686 1472 1725 exstru-

123 1747 228 1786 ctas.
270 1744 334 1785 12.
366 1744 412 1785 in
441 1743 510 1785 his
542 1743 753 1785 tractibus
786 1744 1042 1798 nauigerum
1073 1757 1286 1798 nusquam
1317 1743 1473 1784 uisitur

124 1802 284 1844 flumen
315 1803 390 1844 sed
421 1803 467 1843 in
497 1803 603 1845 locis
636 1802 834 1857 plurimis
867 1816 1003 1856 aquae
1037 1805 1188 1856 suapte
1220 1805 1376 1843 natura
1408 1816 1473 1842 ca-

74 1861 265 1903 wlentes
307 1865 534 1916 emergunt
567 1862 620 1904 ad
651 1875 752 1902 usus
792 1864 919 1915 aptae
951 1861 1258 1914 multiplicium
1290 1860 1474 1902 medela-

124 1935 233 1962 rum.
269 1935 417 1961 uerum
448 1920 527 1962 has
549 1934 716 1975 quoque
749 1920 947 1974 regiones
979 1920 1074 1974 pari
1106 1922 1221 1960 sorte
1242 1918 1472 1973 Pompeius

218 2133 238 2164 ‘2
270 2129 520 2174 descriptione
554 2129 587 2164 G
619 2129 840 2164 discretione
878 2129 992 2164 VPba
1099 2134 1119 2164 3
1150 2130 1278 2164 uetere
1309 2129 1408 2164 Nino
1443 2129 1476 2164 G

129 2174 374 2209 ueterennino
405 2173 472 2208 VP
540 2179 561 2209 4
585 2174 739 2208 illustris
766 2174 837 2209 ΘΑ
862 2175 900 2209 et
924 2174 1089 2209 inlustris
1118 2173 1208 2209 VPb
1260 2178 1280 2209 9
1306 2173 1475 2209 Seleucia

127 2219 204 2253 iam
233 2218 400 2254 Valesius
424 2219 624 2254 seleuciam
648 2219 751 2254 codd.
807 2223 848 2254 15
874 2221 913 2253 et
935 2220 1022 2254 add.
1047 2220 1084 2253 A
1107 2230 1174 2256 om.
1200 2219 1304 2254 codd.
1363 2225 1475 2254 *con-

130 2263 209 2298 dita
238 2263 351 2299 VPba
376 2264 548 2299 conditae
569 2263 604 2298 G-
652 2268 693 2300 18
717 2263 756 2299 in
783 2263 817 2299 G
840 2274 908 2299 om.
932 2264 1035 2300 codd.
1082 2265 1226 2309 *gneus
1254 2263 1289 2298 V
1333 2267 1374 2298 22
1400 2263 1475 2298 cul-

128 2341 177 2376 tis
204 2342 274 2376 (r'A
299 2342 392 2377 culis
421 2341 490 2377 VP
536 2346 580 2377 29
605 2342 670 2377 sed
693 2344 825 2387 scripsi
850 2344 889 2377 et
911 2343 1014 2378 codd.
1065 2343 1135 2377 ²³30
1160 2318 1408 2386 meduillarum
1446 2341 1480 2375 V
