1614 2549
84 403 100 429 5

66 698 100 723 10

74 992 107 1018 15

70 1287 104 1312 20

71 1581 106 1607 25

409 59 747 96 CONSTANTIVS
772 60 834 96 ET
859 61 1091 97 IVLIANVS
1116 66 1182 97 360
1384 63 1468 106 205

120 155 174 197 ad
218 153 337 196 sedes
380 153 491 194 m'hil
532 153 684 208 uisuri,
729 155 829 209 quia
871 155 1089 209 displicet,
1140 156 1468 210 transalpinum.

118 213 284 267 hocque
323 212 436 266 apud
471 212 718 267 Augustum
757 228 957 268 capacem
995 214 1176 256 rationis
1210 217 1252 255 et
1290 215 1469 269 pruden-

118 271 337 313 tissimum
369 284 449 325 ego
483 273 730 326 conpetenti
762 273 1057 314 satisfactione
1090 273 1309 328 purgabo'.

241 331 306 371 17.
339 329 702 372 Conclamabatur
744 334 843 385 post
880 331 985 373 haec
1024 346 1074 372 ex
1107 332 1224 373 omni
1254 335 1377 386 parte
1407 333 1469 373 ni-

119 389 210 430 hilo
249 390 403 443 minus,
446 404 530 431 uno
569 390 747 444 parique
788 390 935 432 ardore
975 391 1213 432 nitentibus
1257 392 1469 433 uniuersis

121 448 394 503 maximoque
440 449 728 490 contentionis
772 448 944 503 fragore
986 449 1143 502 probro
1189 454 1226 491 et
1265 450 1470 492 conuiciis

121 507 283 560 mixto,
333 506 492 548 Caesar
535 507 748 548 adsentire
800 510 972 549 coactus
1023 511 1100 549 est.
1174 509 1470 563 inpositusque

121 568 242 607 scuto
274 565 464 619 pedestri
496 568 538 606 et
578 566 792 607 sublatius
826 567 1015 607 eminens
1048 567 1168 609 nullo
1202 568 1355 608 silente
1387 567 1471 608 Au-

121 627 274 679 gustus
295 624 565 665 renuntiatus
586 625 816 666 iubebatur
835 625 1031 667 diadema
1057 626 1260 680 pr·,ofe1re
1291 639 1473 680 negans-

123 697 203 737 que
236 698 441 737 umquam
472 682 689 737 habuisse,
721 684 865 725 uxoris
899 685 1002 726 colli
1033 685 1103 726 uel
1135 685 1290 751 capitis
1327 699 1472 739 posce-

120 742 261 783 batur.
327 742 391 784 18.
424 756 556 796 eoque
590 718 843 784 adfii·ma11te
875 744 1026 809 primis
1048 744 1250 798 auspiciis
1271 758 1359 785 11011
1378 758 1474 785 con-

122 814 274 855 gruere
315 801 455 854 aptari
487 801 689 842 muliebri
721 802 891 855 mundo,
930 803 1028 856 equi
1066 802 1269 856 phalerae
1302 816 1475 856 quaere-

121 859 295 913 bantur,
326 860 391 901 uti
424 862 653 901 coronatus
693 861 879 914 speciem
905 861 1062 902 saltem
1095 861 1323 902 obscuram
1355 875 1475 914 supe-

123 918 248 959 rioris
298 918 597 972 praetenderet
646 918 888 972 potestatis.
963 920 1036 960 sed
1080 934 1174 960 cum
1218 919 1261 960 id
1306 933 1474 973 quoque

127 979 251 1030 turpe
273 991 365 1018 esse
387 977 670 1031 adseueraret,
702 978 878 1019 Maurus
910 979 1082 1019 nomine
1105 978 1291 1033 quidam,
1322 981 1475 1032 postea

125 1050 280 1089 comes,
313 1036 385 1090 qui
417 1050 507 1076 rem
540 1037 652 1077 male
686 1037 822 1090 gessit
855 1037 965 1090 apud
988 1036 1219 1078 Succorum
1240 1037 1477 1091 angustias,

124 1093 421 1135 Petulantium
459 1098 561 1136 tunc
599 1095 812 1149 hastatus,
851 1096 1118 1137 abstractum
1151 1096 1235 1136 sibi
1265 1099 1476 1149 torquem,

126 1167 209 1207 quo
253 1156 301 1194 ut
339 1154 615 1195 draconarius
660 1155 880 1207 utebatur,
925 1155 1057 1208 capiti
1094 1154 1253 1196 Iuliani
1285 1154 1478 1208 inposuit

126 1212 400 1265 confidenter,
434 1213 506 1266 qui
538 1215 682 1254 trusus
710 1213 763 1254 ad
794 1214 1098 1254 necessitatem
1119 1216 1353 1255 extremam
1374 1213 1477 1254 iam-

125 1285 206 1325 que
238 1271 476 1324 periculum
507 1286 710 1325 praesens
743 1272 882 1313 uitare
902 1287 989 1313 non
1019 1287 1144 1326 posse
1173 1272 1411 1325 aduertens,
1440 1272 1477 1312 si

124 1330 253 1371 reniti
285 1333 614 1383 perseuerasset,
648 1331 798 1384 quinos
827 1331 1025 1372 omnibus
1048 1346 1198 1372 aureos
1224 1331 1476 1385 argentique

124 1389 296 1443 singula
326 1389 467 1442 pondo
500 1389 712 1443 promisit.

247 1448 312 1489 19.
342 1447 510 1502 Hisque
549 1449 684 1502 gestis
722 1448 829 1489 haut
861 1448 1025 1489 minore
1059 1463 1186 1502 quam
1220 1451 1347 1489 antea
1379 1462 1480 1489 cura

125 1507 397 1560 constrictus,
428 1507 657 1561 futuraque
690 1508 819 1548 celeri
850 1507 1077 1561 prouidens
1112 1507 1247 1561 corde,
1285 1521 1361 1548 nec
1394 1506 1480 1547 dia-

126 1564 249 1606 dema
281 1566 483 1619 gestauit,
520 1581 597 1607 nec
628 1567 855 1620 procedere
896 1581 1022 1608 ausus
1063 1569 1128 1607 est
1171 1581 1365 1620 usquam,
1403 1579 1480 1606 nec

126 1637 252 1678 agere
292 1624 404 1665 seria
443 1639 551 1679 quae
587 1625 717 1666 nimis
755 1625 982 1680 urgebant.
1050 1625 1118 1666 20.
1164 1625 1238 1666 sed
1282 1639 1378 1666 cum
1428 1623 1481 1665 ad

124 1682 316 1724 latebras
350 1683 595 1724 secessisset
622 1684 812 1725 occultas
841 1684 1126 1725 accidentium
1144 1684 1356 1726 uarietate
1389 1697 1481 1736 per-

124 1742 302 1783 territus
334 1741 539 1795 Iulianus,
578 1742 713 1797 aliqui
750 1743 906 1797 palatii
943 1743 1127 1796 decurio,
1167 1743 1240 1797 qui
1279 1742 1381 1784 ordo
1416 1744 1482 1782 est

126 1800 366 1855 dignitatis,
398 1801 590 1855 pleniore
624 1801 760 1856 gradu
788 1802 912 1855 signa
932 1801 1229 1843 Petulantium
1260 1802 1481 1855 ingressus

217 1961 236 1991 3
262 1956 430 2001 purgabo
459 1957 529 1991 GA
553 1958 714 2001 purgaui
744 1957 834 1991 VPb
888 1958 931 1991 *6
958 1959 996 1991 et
1028 1957 1060 1991 G
1086 1967 1151 1991 om.
1184 1957 1297 1992 VPba
1350 1960 1370 1991 7
1401 1966 1482 1991 cae-

127 2011 186 2035 sar
209 2001 291 2045 Pby
315 2012 436 2035 cessar
457 2001 492 2034 V
552 2003 701 2036 coactus
724 2003 760 2036 P
788 2002 917 2036 coactu
947 2002 982 2035 V
1025 2006 1045 2036 8
1069 2002 1173 2036 nullo
1198 2003 1234 2036 A
1258 2001 1362 2046 pullo
1393 2001 1483 2036 VPb

126 2045 268 2090 populo
315 2046 348 2080 G
450 2050 491 2081 10
528 2058 707 2090 umquam
743 2046 777 2080 V
810 2057 1017 2091 numquam
1053 2048 1091 2082 P
1127 2057 1319 2091 nunquam
1366 2057 1404 2081 se
1441 2047 1485 2091 by

128 2123 215 2158 colli
243 2124 276 2158 G
301 2124 396 2160 collo
427 2124 541 2160 {Pha
636 2130 676 2159 1-2
708 2125 886 2176 phalerae
917 2127 953 2161 P
993 2100 1108 2160 saler‘e
1145 2125 1179 2160 V
1207 2125 1485 2170 quaerebantur

128 2169 261 2213 scripsi
285 2169 514 2213 querebatur
539 2170 642 2204 codd.
738 2175 778 2205 13
811 2170 868 2204 uti
899 2190 940 2195 --
974 2171 1174 2216 superioris
1199 2170 1288 2207 add
1320 2169 1374 2203 Vm
1400 2180 1484 2203 eon-

128 2225 222 2258 gruo
262 2215 371 2249 natus
401 2216 438 2250 P
470 2225 634 2259 congrua
665 2217 817 2250 ornatus
848 2216 917 2260 bqa
1010 2220 1050 2250 17
1085 2215 1359 2261 speculantium
1396 2216 1484 2248 tunc

129 2259 299 2293 adstatus
325 2261 405 2301 (om
433 2260 523 2294 tunc
548 2260 618 2305 Pb)
650 2261 753 2295 codd.
778 2260 1055 2312 speculantium
1085 2262 1174 2296 tunc
1206 2260 1382 2304 hastatus
1415 2259 1486 2294 GA

129 2307 184 2382 {31
185 2304 345 2384 typong&
347 2304 407 2384 AF
408 2304 534 2385 GM}
538 2305 694 2384 bpopulo
732 2305 790 2340 Rb
874 2309 918 2340 23
959 2306 1101 2341 minore
1146 2305 1179 2341 G
1219 2305 1340 2339 minor
1380 2304 1484 2339 codd.

205 2359 250 2382 ea
407 2359 462 2384 om
