1573 2508
109 78 193 120 206
621 81 686 116 xx
710 85 744 123 4,
766 83 889 124 ’.η-5,
913 85 934 117 8

113 178 241 231 atque
286 175 516 229 Celtarum,
560 177 726 218 facinus
770 176 993 231 indignum
1036 177 1281 218 turbulente
1326 177 1462 220 excla-

111 239 215 289 mat,
248 235 383 290 pridie
404 235 649 289 Augustum
682 249 828 277 eorum
861 235 1042 278 arbitrio
1062 235 1326 277 declaratum
1349 235 1462 278 clam

112 294 429 346 interemptum.
479 294 548 335 21.
567 293 733 349 hocque
754 296 957 348 conperto
977 294 1151 348 milites,
1183 308 1289 349 quos
1310 294 1461 349 ignota

111 353 205 406 pari
247 351 536 393 sollicitudine
574 352 806 394 mouebant
847 355 890 394 et
927 356 1042 406 nota,
1084 367 1184 407 pars
1223 353 1459 407 crispantes

112 410 311 464 missilia,
343 410 418 452 alii
452 411 702 452 minitantes
734 411 907 453 nudatis
940 411 1110 466 gladiis,
1142 410 1309 452 diuerso
1330 424 1497 466 uago-⁵

111 483 204 523 que,
243 472 290 510 ut
328 469 372 510 in
412 470 635 524 repentino
675 469 798 522 solet,
837 484 1016 511 excursu
1048 483 1310 523 occupauere
1341 469 1459 512 uolu-

112 528 241 568 criter
272 527 450 583 regiam,
483 529 749 583 strepituque
782 529 944 570 inmani
978 528 1245 570 excubitores
1274 527 1459 581 perculsi

110 591 152 627 et
189 586 351 627 tribuni
385 589 426 628 et
463 588 796 629 domesticorum
835 602 975 629 comes
1012 587 1251 628 Excubitor
1287 586 1458 628 nomine

110 645 322 699 ueritique
363 646 590 687 uersabilis
629 645 851 700 perfidiam
885 646 1056 699 militis,
1095 659 1303 686 euanuere
1342 649 1458 687 metu

110 704 262 745 mortis
296 703 465 745 subitae
499 704 714 758 dispalati.
764 704 833 745 22.
865 705 958 745 uiso
992 707 1136 746 tamen
1158 704 1246 745 otio
1279 718 1457 758 summo,

109 762 244 816 quieti
296 765 452 803 stetere
497 763 716 816 paulisper
755 764 910 804 armati
950 766 992 804 et
1029 762 1305 817 interrogati,
1349 776 1457 816 quae

108 835 237 862 causa
269 823 381 862 esset
413 821 646 863 inconsulti
678 825 819 863 motus
850 825 892 862 et
923 821 1149 876 repentini,
1181 821 1252 862 diu
1278 820 1457 862 tacendo

107 878 372 920 haesitantes
407 894 534 933 super
566 880 704 921 salute
736 880 954 934 principis,
986 895 1071 921 non
1098 882 1224 920 antea
1257 879 1458 921 discesse-

105 940 205 979 runt
238 953 365 992 quam
399 938 549 979 adsciti
584 939 627 979 in
659 939 961 980 consistorium
993 939 1231 992 fulgentem
1259 952 1355 978 eum
1388 953 1457 979 au-

107 999 235 1050 gusto
269 996 421 1037 habitu
454 998 787 1051 conspexissent.

228 1053 268 1095 5.
306 1056 340 1095 1.
377 1054 458 1096 His
503 1059 649 1097 tamen
693 1055 849 1097 auditis
889 1056 1020 1096 etiam
1064 1055 1143 1109 illi,
1188 1069 1292 1109 quos
1339 1057 1455 1096 ante-

106 1125 276 1167 gressos
304 1114 549 1154 rettulimus
582 1114 760 1155 ducente
782 1113 963 1167 Sintula,
996 1128 1090 1155 cum
1118 1127 1166 1154 eo
1201 1113 1286 1154 iam
1319 1113 1454 1154 securi

104 1171 296 1213 Parisios
335 1175 626 1214 reuertimtur:
666 1172 888 1226 edictoque
921 1175 968 1213 ut
1005 1172 1149 1213 futura
1182 1171 1274 1212 luce
1313 1171 1455 1213 cunc—ti

106 1230 385 1271 conuenirent
418 1231 462 1271 in
483 1246 646 1285 campo,
678 1244 929 1285 progressus
963 1231 1159 1285 princeps
1181 1229 1453 1271 ambitiosius

105 1288 234 1330 solito
267 1289 458 1331 tribunal
493 1290 685 1331 ascendit
724 1290 859 1343 signis
893 1290 1132 1344 aquilisque
1166 1288 1452 1330 circumdatus

105 1349 147 1388 et
191 1348 362 1389 uexillis
415 1351 672 1402 saeptusque
723 1348 858 1389 tutius
904 1351 1167 1389 armatarum
1212 1346 1452 1388 cohortium

103 1405 258 1459 globis.
321 1407 359 1447 2.
384 1421 562 1461 cumque
595 1407 945 1461 interquieuisset
976 1407 1210 1460 paululum,
1242 1405 1342 1446 dum
1362 1405 1449 1447 alte

103 1465 420 1518 contemplatur
452 1465 745 1519 praesentium
765 1465 922 1518 uultuS,
955 1465 1119 1506 alacres
1153 1478 1300 1505 omnes
1333 1464 1449 1505 uisos

102 1525 145 1563 et
176 1523 328 1577 laetos,
361 1524 483 1578 quasi
517 1524 649 1578 lituis,
683 1524 837 1577 uerbis,
869 1527 915 1564 ut
942 1523 1138 1577 intellegi
1170 1522 1320 1576 possit,
1352 1523 1450 1563 sim-

101 1581 284 1634 plicibus
319 1582 593 1623 incendebat:

219 1640 257 1681 3.
289 1640 386 1681 ‘Res
431 1641 563 1681 ardua
607 1641 745 1694 poscit
790 1643 831 1681 et
876 1640 1059 1695 flagitat,
1104 1642 1448 1694 propugnatores

100 1698 183 1739 mei
210 1699 356 1753 reique
389 1699 585 1752 publicae
607 1700 740 1739 fortes
763 1702 805 1740 et
838 1699 922 1751 fidi,
955 1700 1025 1753 qui
1047 1713 1212 1740 mecum
1233 1712 1309 1752 pro
1331 1700 1448 1739 statu

98 1757 416 1810 prouinciarum
456 1758 591 1798 uitam
630 1758 798 1811 saepius
838 1757 1071 1810 obiecistis,
1111 1757 1311 1811 quoniam
1346 1755 1447 1797 Cae-

100 1830 238 1856 sarem
278 1819 468 1856 ucstrum
508 1816 628 1857 firmo
668 1816 823 1857 iudicio
862 1816 913 1856 ad
952 1819 1214 1869 potestatum
1255 1815 1446 1856 omnium

1478 716 1512 740 10

1476 1008 1509 1033 15

1473 1301 1507 1326 20

1468 1593 1503 1620 25

98 1874 294 1915 columen
327 1875 579 1928 sustulistis,
611 1875 899 1928 perstringere
933 1889 1065 1928 pauca
1101 1873 1359 1926 summatim,
1398 1875 1446 1914 ut
1464 1882 1498 1908 ³0

97 1933 286 1974 remedia
329 1937 596 1986 permutatae
643 1933 702 1973 rei
748 1933 861 1974 iusta
906 1933 1181 1987 conliguntur
1225 1935 1267 1973 ct
1309 1934 1445 1974 cauta.

186 2061 206 2090 4
243 2058 438 2093 cristantcs
481 2059 548 2094 VJ)
642 2064 659 2093 7
703 2070 742 2094 re
774 2059 846 2092 iam
881 2059 949 2093 (vl
988 2070 1118 2092 reoum
1164 2058 1230 2092 1Ῥ
1264 2068 1391 2102 regem
1422 2057 1443 2091 b

95 2105 115 2135 9
146 2101 284 2135 milites
320 2103 408 2138 VPb
477 2109 515 2137 15
547 2104 676 2138 habitu
713 2106 748 2138 I'
770 2115 816 2147 qa
856 2103 983 2138 habito
1020 2087 1052 2137 19
1111 2104 1365 2147 conspexisses·
1412 2101 1446 2134 V

95 2147 406 2226 ἳὲἓέἓῗοῖ-’,ῗῗῗῖἱ
445 2148 727 2227 ι-ἓῖιῗέᾃῗὲῖῗωῖ
730 2148 760 2183 G
764 2148 935 2227 {'1›³2¹‚¹¹¹¹¹¹
949 2149 1070 2227 efficto
1090 2147 1382 2236 ¹323322⁰f2¹3¹33¹5
1408 2146 1444 2224 9

96 2239 136 2269 19
161 2235 198 2269 in
225 2246 397 2279 campum
423 2237 660 2272 Kcllcrbauer
730 2242 769 2271 :·.l
797 2237 911 2272 totius
942 2237 1030 2272 VPb
1054 2238 1142 2272 totis
1170 2239 1203 2272 (r
1272 2241 1314 2271 ‘27
1339 2236 1439 2270 statu

1290 2283 1297 2308 i
1320 2283 1387 2306 tum

94 2313 160 2370 bqa
177 2314 292 2347 stiatu
318 2313 385 2349 VP
433 2319 475 2349 30
492 2315 662 2349 columen
686 2315 767 2350 1'11’
784 2316 931 2350 culmen
953 2315 1036 2349 1⁷²R
1053 2315 1096 2359 by
1097 2327 1118 2350 a
1177 2319 1220 2350 31
1245 2326 1284 2350 re
1318 2314 1440 2359 ζῳῷ-ἵξις,

98 2349 133 2390 1
152 2360 231 2392 tere
257 2361 379 2393 rustra
403 2360 438 2394 Ι)
463 2360 515 2393 rei
542 2359 639 2394 iusta
665 2360 696 2394 G
790 2362 829 2395 ct
852 2362 962 2395 cauta
984 2364 1123 2404 transl).
1148 2360 1192 2395 ba
