1614 2549
523 61 860 99 CONSTANTIVS
885 67 952 99 354
1352 65 1408 106 47

61 161 230 203 obiecta
267 159 451 200 dilueret
482 159 809 212 ostenderetque
840 162 1039 200 neutrum
1071 159 1162 200 sine
1202 159 1320 200 iussu
1351 158 1410 200 fe-

60 220 180 272 cisse,
211 217 394 259 nefando
429 217 749 258 adsentatorum
772 220 896 259 coetu
927 218 1111 271 perisset
1141 220 1333 272 urgente,
1363 218 1408 257 ni

60 276 348 331 adspiratione
369 276 540 329 superni
560 276 748 317 numinis
767 276 957 317 Eusebia
976 276 1237 331 suffragante
1257 276 1410 329 regina

59 336 209 377 ductus
241 335 294 376 ad
321 333 500 376 Comum
533 335 735 388 oppidum
767 333 1012 376 Mediolano
1043 335 1232 376 uicinum
1263 334 1408 388 ibique

25 405 41 430 5
58 394 278 449 paulisper
297 396 488 434 moratus
509 393 768 447 procudendi
787 393 950 447 ingenii
976 408 1114 446 causa,
1144 396 1193 434 ut
1213 393 1408 448 cupidine

59 452 273 507 flagrauit,
305 452 357 493 ad
377 451 600 492 Graeciam
619 451 682 492 ire
710 452 945 505 permissus
967 455 1043 492 est.
1082 452 1120 492 9.
1139 466 1216 492 nec
1236 452 1407 493 defuere

60 512 256 564 deinceps
302 525 352 551 ex
394 510 462 551 his
501 510 766 564 emergentia
803 510 990 564 casibus,
1033 525 1139 564 quae
1178 510 1408 564 dispiceres

62 569 257 611 secundis
303 568 452 610 auibus
492 569 738 623 contigisse,
782 569 882 610 dum
921 569 1174 623 pmiirentur
1213 583 1262 609 ex
1305 569 1410 620 iure,

60 629 129 670 uel
161 630 382 682 tamquam
412 627 543 668 inrita
575 627 827 668 diffluebant
853 629 896 668 et
926 642 1048 669 uana.
1099 627 1171 668 sed
1191 627 1410 668 accidebat

8 697 43 722 10
60 702 147 729 non
164 701 408 741 numquam,
439 689 486 727 ut
508 686 699 739 opulenti
718 686 938 740 pulsantes
959 686 1172 739 praesidia
1191 685 1410 739 potiorum

0 753 2 841 ‚
61 746 278 799 isdemque
310 747 532 799 tamquam
565 745 713 786 ederae
735 745 860 786 celsis
883 745 1108 786 arboribus
1130 744 1410 786 adhaerentes

0 845 2 854 ,
63 803 378 846 absolut-ionem
427 803 579 857 pretiis
630 807 921 845 mercarentur
970 803 1210 844 immensis:
1260 805 1410 843 tenues

0 864 2 889 l
62 878 182 916 uero,
215 863 368 916 quibus
389 862 568 916 exiguae
589 877 657 903 res
679 865 801 903 erant
834 862 885 903 ad
904 862 1195 903 redimendam
1227 861 1410 902 salutem

63 917 145 963 aut⁸
166 921 324 974 nullae,
356 921 670 962 damnabantur
702 921 894 975 abrupte.
955 921 1133 974 ideoque
1167 922 1209 960 et
1248 919 1410 960 ueritas

8 990 42 1016 15
62 980 292 1021 mendaciis
333 979 560 1020 uelabatur
599 983 641 1020 et
671 980 845 1021 ualuere
887 994 965 1033 pro
997 979 1109 1020 ueris
1152 978 1411 1032 aliquotiens

0 1051 1 1088 ι
61 1039 184 1080 falsa.

0 1097 1 1104 ’
166 1097 231 1139 10.
244 1097 479 1138 Perductus
501 1100 568 1138 est
587 1097 723 1137 isdem
737 1097 886 1138 diebus
902 1099 945 1137 et
963 1096 1219 1150 GorgoniUS,
1234 1095 1301 1137 cui
1318 1097 1411 1135 erat

63 1156 244 1198 thalami
271 1154 516 1197 Caesariani
549 1170 649 1196 cura
681 1155 921 1208 commissa,
953 1170 1131 1209 cumque
1165 1169 1260 1195 eum
1293 1167 1413 1194 auso-

63 1229 158 1257 rum
188 1214 320 1255 fuisse
351 1214 606 1268 participem
638 1214 981 1268 concitoremque
1004 1213 1218 1254 interdum
1240 1227 1290 1254 ex
1317 1226 1413 1253 con-

11 1283 45 1308 20
64 1273 178 1315 fesso
211 1276 396 1327 pateret,
429 1273 746 1326 conspiratione
781 1272 1016 1326 spadonum
1046 1272 1215 1314 iustitia
1247 1270 1413 1312 concin-

63 1332 176 1374 natis
196 1331 428 1373 mendaciis
449 1331 718 1384 obumbrata,
749 1331 939 1385 periculo
962 1331 1160 1372 euolutus
1194 1328 1413 1371 abscessit.

165 1390 207 1432 3.
220 1389 381 1431 1.Haec
392 1389 491 1431 dum
498 1389 734 1430 Mediolani
746 1392 941 1444 aguntur,
949 1389 1203 1430 militarium
1215 1390 1412 1429 cateruae

64 1450 117 1491 ab
151 1449 315 1490 oriente
346 1448 574 1502 perductae
607 1451 707 1489 simt
732 1448 978 1503 Aquileiam
1011 1463 1105 1489 cum
1138 1447 1289 1489 aulicis
1320 1446 1414 1503 plu-

63 1508 195 1561 ribus,
231 1507 437 1549 membris
475 1507 588 1548 inter
619 1510 790 1549 catenas
829 1507 1058 1548 fluentibus
1099 1506 1298 1560 spiritum
1329 1505 1414 1545 tra-

10 1569 45 1595 25
64 1567 215 1608 hentes
255 1566 455 1620 exiguum
492 1566 748 1620 uiuendique
786 1580 928 1607 moras
966 1581 1043 1620 per
1081 1579 1303 1607 aerumnas
1348 1563 1415 1603 de-

64 1625 213 1667 testati
244 1624 518 1678 multiplices.
568 1625 893 1666 arcessebantur
917 1624 1030 1666 enim
1062 1623 1250 1665 ministri
1281 1622 1413 1663 fuisse

65 1684 182 1726 Galli
212 1683 458 1725 ferocientis
489 1698 650 1738 perque
684 1698 754 1725 eos
775 1683 1050 1725 Domitianus
1071 1684 1310 1736 discerptus
1331 1695 1404 1721 cre·

65 1743 246 1784 debatur
285 1745 328 1782 et
358 1741 562 1796 Montius,
602 1744 644 1783 et
676 1743 751 1783 alii
787 1746 887 1796 post
925 1758 997 1784 eos
1031 1742 1116 1784 acti
1152 1741 1199 1782 in
1237 1740 1415 1781 exitium

65 1815 283 1855 praeceps.
332 1801 370 1842 2.
392 1801 443 1842 ad
470 1815 576 1855 quos
603 1801 832 1842 audiendos
851 1801 1070 1843 Arboreus
1097 1801 1252 1841 missus
1280 1801 1346 1840 est
1373 1800 1415 1837 et

15 1873 49 1899 30
66 1860 281 1902 Eusebius
303 1859 486 1901 cubiculi
505 1862 606 1901 tunc
625 1861 907 1914 praepositus,
928 1861 1053 1901 ambo
1074 1858 1414 1900 inconsideratae

158 2073 177 2103 2
202 2070 360 2113 urgente
392 2068 551 2112 perisset
578 2072 757 2112 transpos.
787 2068 821 2102 G
913 2072 933 2102 5
957 2067 1189 2112 procudendi
1211 2064 1415 2100 Lindenbr.

68 2113 315 2158 procundenti
336 2112 371 2146 V
390 2113 636 2164 procandenti
660 2113 696 2147 P
719 2123 786 2158 pro
812 2112 959 2148 colendi
979 2112 1013 2146 G
1081 2116 1101 2147 6
1118 2112 1172 2146 ire
1197 2111 1265 2156 δρα
1288 2111 1326 2144 te
1348 2108 1415 2143 VP

69 2161 89 2193 8
114 2158 246 2192 auibus
261 2157 295 2191 G
319 2158 469 2192 aunbus
489 2157 601 2193 VPba
692 2162 712 2192 9
730 2161 815 2201 post
831 2169 928 2192 uana
945 2158 1012 2192 lac.
1037 2157 1223 2192 indicauit
1234 2153 1412 2200 Eyssenh.

10 2206 14 2209 '
71 2206 112 2236 12
135 2203 325 2237 immensis
344 2201 378 2236 G
395 2203 554 2237 emensis
576 2203 680 2237 VAP
732 2207 769 2236 12
788 2204 920 2237 tenues
936 2222 979 2227 —
1000 2206 1038 2236 13
1065 2202 1223 2236 salutem
1247 2210 1312 2234 om.
1338 2198 1415 2232 Prb

68 2258 126 2281 res
143 2247 177 2281 G
188 2247 288 2282 uires
299 2248 335 2281 A
349 2257 455 2282 ueres
478 2246 511 2280 V
553 2247 854 2282 redimendamA
866 2247 1131 2282 redemendam
1148 2244 1371 2280 Vtuendam
1382 2242 1415 2276 G

69 2295 112 2370 ξε)
129 2291 334 2371 αιιιὲίεηάοε
350 2291 384 2326 G
397 2292 535 2326 auodos
547 2292 662 2328 VPba
692 2292 878 2327 Arboreus
896 2292 1062 2327 Valesius
1075 2291 1247 2326 arborum
1266 2290 1333 2324 VP
1349 2289 1415 2322 Ar-

97 2347 160 2371 ora
202 2347 249 2382 ya
