1614 2549
387 86 723 122 CONSTANTIVS
748 86 811 122 ET
836 87 1068 124 IVLIANVS
1091 93 1157 125 360
1361 91 1447 135 215

93 185 183 223 tere
216 181 370 224 statuit
401 184 525 236 gesta
556 181 755 223 docturos
788 182 933 236 eisque
966 183 1239 225 concinentes
1273 183 1443 226 litteras

94 240 228 294 dedit,
266 239 367 294 quid
404 242 548 281 actum
579 240 637 282 sit
677 240 830 295 quidue
869 240 963 282 fieri
1001 244 1200 295 oporteat
1243 242 1440 297 deinceps

93 313 268 340 monens
308 299 495 353 apertius
537 302 580 340 et
612 299 921 341 demonstrans.
983 300 1023 341 4.
1056 315 1315 355 quamquam
1347 316 1445 343 eum

92 356 198 399 haec
217 357 375 399 dudum
395 358 638 412 conperisse
659 358 918 412 opinabatur
948 358 1087 400 relatu
1107 359 1306 401 Decentii
1338 360 1443 402 olim

57 416 254 458 51·euersi
293 419 335 458 et
368 416 728 458 cubiculariorum
760 431 906 458 recens
945 417 995 458 de
1034 416 1189 460 Galliis
1230 432 1444 473 regresso-

92 489 203 528 rum,
248 475 320 529 qui
358 475 411 516 ad
449 474 703 518 Caesaream
743 475 889 530 aliqua
930 478 1158 529 portauere
1204 477 1444 519 sollemnia.

93 536 136 574 et
168 548 426 588 quamquam
457 549 542 576 non
573 537 876 588 repugnanter,
912 536 1058 575 tamen
1087 549 1166 576 nec
1198 536 1443 590 adroganti-

92 591 172 633 bus
204 593 346 634 uerbis
385 593 613 648 quicquam
650 593 823 646 scripsit
864 607 917 634 ne
956 593 1173 635 uideretur
1205 595 1348 636 subito
1380 609 1443 636 re-

90 651 322 692 nuntiasse.
385 655 476 693 erat
503 655 646 694 autem
684 652 929 693 litterarum
967 667 1114 694 sensus
1147 652 1274 695 huius
1307 654 1467 705 modis

39 721 73 746 10
211 709 249 751 ὃ.
287 710 393 764 ‘Ego
434 711 604 764 quidem
647 711 859 764 propositi
897 711 981 751 mei
1019 711 1146 752 fidem
1184 726 1276 753 non
1301 712 1441 753 minus

91 768 281 810 moribus
303 784 431 823 quam
463 769 683 811 foederum
702 772 841 823 pacto,
875 770 1015 823 quoad
1046 770 1140 823 fuit,
1174 785 1304 812 unum
1337 786 1445 812 sem-

90 842 167 881 per
194 830 320 881 atque
360 828 472 869 idem
509 828 698 870 sentiens
738 829 1002 882 conseruaui‚
1034 831 1082 869 ut
1115 829 1267 871 effectu
1300 829 1442 871 multi-

89 885 194 940 plici
226 886 383 928 claruit
420 887 649 928 euidenter.
712 888 750 927 6.
770 886 941 940 iamque
961 886 1058 927 inde
1079 887 1144 927 uti
1163 902 1230 929 me
1252 891 1443 929 creatum

92 943 320 986 Caesarem
367 959 609 1000 pugnarum
658 945 883 987 horrendis
933 945 1181 999 fragoribus
1233 946 1444 999 obiecisti,

38 1014 71 1040 15
90 1006 307 1058 potestate
339 1004 484 1046 delata
516 1007 742 1046 contentus
776 1004 1036 1045 currentium
1059 1019 1109 1045 ex
1136 1007 1238 1045 uoto
1270 1020 1443 1059 prospe-

87 1063 269 1104 ritatum
305 1063 466 1104 nuntiis
505 1064 666 1105 crebris
706 1066 754 1104 ut
787 1063 1008 1116 apparitor
1046 1062 1153 1104 fidus
1187 1067 1283 1104 tuas
1318 1079 1440 1105 aures

88 1121 281 1175 impleui,
313 1122 422 1163 nihil
462 1137 641 1176 usquam
679 1121 881 1176 periculis
922 1121 1027 1162 meis
1061 1121 1304 1175 adsignans,
1343 1137 1440 1164 cum

90 1180 354 1222 documentis
376 1181 562 1222 adsiduis
578 1184 759 1234 constet,
772 1180 936 1221 diffusis
952 1180 1262 1235 permixtisque
1276 1181 1440 1234 passim

89 1238 314 1280 Germanis
348 1239 393 1280 in
424 1240 644 1281 laboribus
675 1254 741 1280 me
775 1254 942 1292 semper
975 1239 1114 1280 uisum
1137 1240 1328 1281 omnium
1359 1240 1442 1293 pri-

35 1311 70 1336 20
89 1312 218 1351 mum,
249 1298 294 1339 in
325 1298 523 1340 laborum
554 1298 786 1340 refectione
818 1301 1099 1352 postremum.

210 1358 246 1398 7.
280 1356 363 1399 Sed
400 1358 514 1399 bona
550 1361 626 1399 tua
664 1357 790 1399 uenia
828 1356 1020 1409 dixerim,
1060 1356 1202 1410 siquid
1233 1359 1441 1398 nouatum

89 1419 155 1457 est
185 1430 309 1469 nunc,
341 1419 389 1457 ut
421 1417 661 1458 existimas:
693 1416 739 1456 in
769 1415 917 1457 multis
950 1415 1077 1456 bellis
1105 1418 1147 1456 et
1180 1415 1343 1469 asperis
1377 1430 1442 1457 ae-

88 1477 224 1516 tatem
266 1475 357 1516 sine
398 1475 541 1517 fructu
582 1477 806 1516 conterens
851 1474 975 1515 miles
1015 1474 1118 1515 olim
1156 1473 1442 1515 deliberatum

89 1533 300 1588 impleuit,
339 1534 525 1575 fremens
559 1534 815 1588 secimdique
848 1533 1062 1587 inpatiens
1102 1532 1187 1574 loci
1218 1535 1442 1587 rectorem,

35 1604 69 1630 25
89 1607 185 1633 cum
221 1593 363 1635 nullas
404 1593 487 1634 sibi
524 1593 639 1634 uices
683 1608 706 1634 a
739 1591 920 1633 Caesare
959 1592 1151 1633 diuturni
1190 1591 1356 1633 sudoris
1397 1595 1440 1632 et

88 1651 368 1693 uictoriarum
399 1652 686 1706 frequentium
707 1651 883 1704 rependi
913 1665 1038 1704 posse
1066 1650 1441 1704 contemplaretur.

89 1711 127 1752 8.
161 1711 278 1752 cuius
310 1711 555 1752 iracundiae
586 1725 664 1751 nec
696 1710 958 1764 dignitatum
998 1712 1230 1764 augmenta
1260 1723 1338 1750 nec
1371 1723 1441 1750 an-

87 1784 218 1811 nuum
250 1770 455 1811 merentis
489 1769 751 1823 stipendium
783 1769 826 1809 id
848 1783 1014 1823 quoque
1048 1768 1271 1822 inopinum
1304 1782 1441 1809 acces-

180 1993 200 2023 3
224 1962 353 2022 mongs
383 1987 417 2021 V
437 1998 592 2021 mouens
616 1987 652 2021 P
727 1997 812 2022 eum
842 1986 946 2021 VAP
971 1997 1054 2020 cum
1078 1997 1098 2020 r
1122 1994 1188 2020 om.
1215 1985 1258 2029 by
1332 1988 1352 2018 4
1379 1985 1439 2019 de—

88 2033 227 2068 centii*
258 2032 292 2065 V
313 2032 479 2067 ducentii
503 2033 522 2066 b
615 2036 634 2066 5
671 2042 925 2076 regressorum
965 2031 997 2065 G
1034 2040 1337 2075 praegressorum
1373 2029 1442 2064 VP

88 2088 371 2123 progressorum
396 2078 439 2111 ba
509 2080 528 2110 6
555 2076 775 2112 Caesaream
799 2076 931 2120 scripsi
949 2076 1041 2120 (coll.
1060 2079 1114 2117 20,
1141 2079 1172 2116 9,
1201 2077 1233 2118 1)
1252 2085 1442 2109 caesarem

1049 2127 1255 2153 repuggnasse

88 2157 126 2192 P
165 2165 371 2191 caessarem
406 2154 440 2189 V
541 2155 588 2190 *8
625 2154 856 2189 renuntiasse
887 2155 1019 2197 scripsi
1050 2153 1295 2188 redundasset
1330 2152 1365 2186 V
1386 2163 1441 2204 re-

1308 2205 1416 2224 eman!

89 2235 276 2270 dundasse
301 2233 338 2268 P
363 2233 565 2268 declinasse
597 2234 666 2277 bya
761 2237 799 2266 11
826 2232 945 2276 pactis
977 2232 1044 2276 bya
1137 2235 1178 2266 12
1205 2231 1441 2266 conscrutaui

94 2280 128 2314 V
234 2283 275 2314 18
315 2278 478 2313 adsiduis
521 2278 668 2312 constet
709 2276 850 2311 diffusis
891 2277 925 2311 V
926 2277 996 2311 GA
1027 2276 1168 2310 diffusis
1204 2277 1350 2310 constet
1384 2276 1442 2310 Pb

90 2329 133 2359 20
155 2325 327 2359 laborum
350 2333 415 2360 om.
441 2324 485 2367 by
531 2326 573 2357 ‘23
599 2322 849 2357 deliberatum
866 2322 969 2358 codd.
996 2321 1188 2356 decretum
1207 2322 1272 2366 hya
1319 2325 1363 2355 24
1386 2320 1440 2354 lo-

90 2370 198 2414 cique
227 2368 296 2403 VP
