1614 2549
431 11 772 59 CONSTANTIVS
797 23 858 59 ΕΤ
883 23 1070 59 GALLVS
1096 28 1162 60 354
1416 26 1472 68 35

125 137 205 179 que
243 139 295 166 ex
331 139 377 166 re
414 127 507 166 tum
545 124 637 165 fore
676 122 989 165 sententiarum
1026 122 1098 163 uia
1138 121 1365 163 concinens
1404 120 1474 162 ad-

122 184 370 238 probasset,
408 184 618 225 aduocato
659 183 704 224 in
735 182 979 224 contionem
1011 181 1201 222 exercitu
1238 181 1473 235 imperator

122 256 199 296 pro
230 245 425 297 tempore
455 256 594 296 pauca
614 242 805 283 dicturus
830 240 1041 282 tribunali
1062 240 1273 281 adsistens
1296 240 1472 281 circum-

123 300 248 343 datus
289 303 555 356 potestatum
599 303 723 342 coetu
767 300 978 341 celsarum
1017 299 1070 341 ad
1113 299 1226 340 hunc
1269 299 1472 340 disseruit

87 376 104 401 5
122 361 314 402 modum:

244 420 310 460 11.
325 419 480 461 ‘Nemo
502 433 660 473 quaeso
681 418 872 472 miretur,
894 418 931 459 si
950 420 1051 472 post
1071 417 1277 459 exudatos
1299 417 1471 459 labores

122 477 325 519 itinerum
382 479 537 533 longos
594 480 908 532 congestosque
972 476 1153 518 adfatim
1209 478 1472 518 commeatus

122 535 277 578 fiducia
318 537 452 579 uestri
502 537 704 578 ductante
749 535 1000 578 barbaricos
1049 548 1187 589 pagos
1233 535 1470 576 aduentans

123 596 244 637 uelut
280 598 447 637 mutato
486 599 663 650 repente
702 595 882 636 consilio
922 594 975 635 ad
1018 593 1258 648 placidiora
1296 594 1472 635 deuerti.

71 672 104 696 10
126 653 192 695 12.
205 669 284 708 pro
300 669 375 696 suo
391 654 504 696 enim
523 655 619 696 loco
641 658 683 696 et
698 654 840 695 animo
863 654 1042 708 quisque
1062 655 1254 694 uestrum
1266 655 1472 707 reputans

125 712 169 754 id
200 713 390 755 inueniet
420 728 587 767 uerum,
627 713 739 768 quod
770 713 894 753 miles
926 712 1102 767 ubique,
1134 712 1237 753 licet
1268 712 1472 753 membris

125 771 373 826 uigentibus
392 772 553 826 firmus,
586 787 630 813 se
651 772 790 813 solum
809 772 1030 825 uitamque
1052 770 1273 824 propriam
1299 771 1474 812 circum-

126 831 255 884 spicit
274 833 318 872 et
342 831 543 885 defendit,
570 831 807 884 imperator
832 844 933 871 uero
961 830 1178 871 officiosus
1199 829 1299 871 dum
1319 829 1475 870 metuit

126 889 342 943 omnibus,
375 890 540 931 alienae
574 891 717 931 custos
752 889 905 930 salutis
937 888 1049 929 nihil
1079 902 1167 929 non
1199 888 1253 929 ad
1286 888 1351 929 sui
1383 903 1475 942 spe-

73 968 106 994 15
126 951 243 989 ctare
275 949 459 990 tutelam
478 949 592 989 ratio
614 980 739 989 .....
761 951 804 989 et
823 948 1011 989 remedia
1032 950 1185 989 cuncta
1206 961 1314 1001 quae
1336 949 1474 988 status

123 1007 399 1061 negotiorum
432 1007 641 1061 admittit,
674 1007 863 1061 arripere
896 1006 1023 1047 debet
1055 1005 1258 1048 alacriter
1291 1006 1475 1048 secunda

123 1066 311 1107 numinis
324 1066 549 1108 uoluntate
563 1066 719 1107 delata.
754 1066 819 1106 13.
830 1068 877 1106 ut
897 1065 942 1105 in
961 1066 1090 1106 breue
1105 1065 1240 1119 igitur
1255 1064 1475 1106 conferam

124 1127 167 1165 et
205 1125 429 1166 ostendam
462 1139 545 1179 qua
584 1139 635 1166 ex
673 1139 802 1166 causa
841 1138 988 1165 omnes
1029 1138 1106 1165 uos
1153 1124 1281 1164 simul
1326 1123 1475 1165 adesse

124 1182 256 1237 uolui,
288 1183 603 1225 commilitones
635 1183 721 1224 mei
752 1182 962 1236 fidissimi,
995 1182 1176 1236 accipite
1197 1182 1344 1236 aequis
1366 1183 1476 1223 auri-

70 1261 106 1286 20
125 1241 206 1283 bus
239 1256 347 1296 quae
380 1242 637 1283 succinctius
659 1242 896 1295 explicabo.
944 1241 1106 1283 ueritas
1139 1241 1253 1282 enim
1274 1241 1475 1283 absoluta

124 1315 291 1354 semper
311 1315 360 1342 ac
378 1315 586 1355 perquam
607 1304 672 1341 est
691 1300 886 1354 simplex.
933 1301 998 1341 14.
1019 1300 1174 1341 arduos
1194 1302 1364 1341 uestrae
1385 1300 1476 1355 glo—

121 1360 212 1400 riae
245 1359 416 1413 gradus,
449 1373 555 1413 quos
587 1358 705 1401 fama
736 1373 811 1413 per
841 1359 1071 1413 plagarum
1104 1373 1271 1413 quoque
1305 1359 1474 1400 accolas

122 1418 381 1459 extimarum
400 1417 609 1471 diffundit,
642 1418 900 1459 excellenter
932 1417 1194 1471 adcrescens,
1214 1416 1475 1459 Alamanno-

122 1491 218 1517 rum
255 1489 379 1531 reges
419 1480 462 1518 et
504 1476 655 1531 populi
699 1476 980 1518 formidantes
1018 1491 1095 1530 per
1134 1479 1326 1517 oratores
1367 1492 1473 1531 quos

70 1552 104 1578 25
123 1534 280 1576 uidetis
313 1536 554 1576 summissis
588 1535 824 1577 ceruicibus
864 1535 1184 1576 concessionem
1221 1536 1475 1589 praeterito-

122 1608 218 1634 rum
248 1598 431 1647 poscunt
463 1597 506 1635 et
537 1609 698 1648 pacem.
753 1609 881 1648 quam
912 1597 960 1635 ut
993 1596 1215 1635 cunctator
1247 1597 1290 1635 et
1323 1597 1472 1636 cautus

123 1652 380 1707 utiliumque
418 1653 624 1707 monitor,
664 1653 700 1694 si
736 1656 883 1694 uestra
920 1653 1123 1695 uoluntas
1164 1652 1302 1707 adest,
1339 1654 1475 1695 tribui

123 1710 277 1752 debere
316 1725 467 1753 censeo
506 1712 643 1754 multa
682 1712 992 1766 contemplans.
1053 1711 1193 1765 primo
1232 1714 1280 1753 ut
1317 1712 1473 1754 Martis

123 1769 328 1824 ambigua
359 1770 642 1824 declinentur,
682 1771 780 1812 dein
816 1774 865 1812 ut
897 1770 1176 1812 auxiliatores
1215 1785 1292 1825 pro
1327 1772 1472 1813 aduer-

69 1845 103 1871 30
123 1828 248 1869 sariis
281 1828 568 1871 adsciscamus
601 1854 655 1859 —
689 1829 802 1884 quod
832 1829 1093 1884 pollicentur
1121 1854 1176 1858 ——
1202 1834 1295 1870 tum
1328 1833 1472 1872 autem

122 1889 171 1927 ut
201 1887 414 1928 incruenti
434 1888 683 1942 mitigemus
704 1888 889 1930 ferociae
908 1888 1036 1929 flatus
1056 1888 1321 1942 perniciosos
1344 1903 1470 1943 saepe

213 2005 230 2034 1
256 2012 296 2036 re
320 2002 402 2035 tum
427 2003 462 2036 A
487 2013 611 2037 rerum
641 2002 730 2037 VPb
754 2013 792 2037 re
821 2002 855 2037 G
947 2003 1010 2037 uia
1039 2003 1142 2037 codd.
1173 2003 1230 2036 uis
1259 2002 1470 2039 Wizbrandt

123 2048 164 2078 12
189 2045 330 2080 firmius
351 2046 418 2080 VP
466 2051 507 2081 13
533 2046 720 2082 officiosus
737 2047 892 2092 Lcmyen
916 2047 1124 2082 officiorum
1141 2048 1246 2086 codd.
1272 2049 1409 2083 metuit
1422 2050 1468 2091 (Ρ)

120 2089 297 2134 Eyssmth.
326 2091 430 2135 equis
459 2091 527 2126 VP
551 2102 691 2136 aequus
715 2093 782 2136 hya
848 2096 890 2126 15
914 2092 1009 2126 ratio
1037 2093 1121 2137 [lac.
1146 2095 1193 2128 25
1218 2093 1306 2135 zita]
1335 2094 1374 2128 et
1402 2093 1470 2128 VP

120 2134 282 2170 rationes
305 2136 530 2186 populorum
561 2137 752 2182 cognoscit
788 2137 826 2171 et
856 2137 875 2171 b
899 2148 923 2171 α
958 2138 1061 2171 ratus
1078 2163 1192 2172 .....
1218 2138 1257 2172 et
1290 2137 1468 2183 Eyssewh.

121 2183 162 2214 17
181 2179 344 2214 numinis
364 2179 434 2215 ΘΑ
450 2181 609 2215 nominis
638 2181 727 2216 VPb
773 2182 830 2226 ut]
856 2181 869 2215 i
924 2181 1061 2227 VPbya
1108 2186 1151 2217 20
1174 2182 1314 2217 ueritas
1338 2184 1469 2227 scripsi

119 2224 292 2275 ueritatis
317 2225 419 2260 codd.
497 2225 596 2260 enim
621 2225 792 2261 absoluta
817 2237 964 2271 semper
982 2237 1024 2261 ac
1048 2238 1231 2272 perquam
1257 2228 1312 2262 est
1335 2229 1468 2271 scripsi

120 2278 219 2302 emm
256 2269 436 2304 absolimo
472 2281 617 2315 semper
654 2271 694 2305 at
734 2282 802 2316 per
839 2272 896 2306 est
930 2271 998 2305 VP
1026 2272 1125 2306 enim
1157 2282 1276 2307 sermo
1314 2274 1369 2307 est
1399 2274 1467 2317 hya

119 2317 163 2348 25
199 2315 477 2359 congessionem
512 2315 580 2351 VP
671 2320 712 2351 31
738 2317 781 2351 ut
804 2327 867 2351 om.
893 2316 975 2361 Pby

1183 2377 1231 2409 3ss
