1614 2549
677 69 906 105 IVLIANVS
931 74 997 106 363
1430 73 1514 115 335

166 164 352 205 tinentes
384 166 433 205 ut
464 163 575 217 apud
607 178 651 205 se
683 164 900 206 tradentes
932 164 1157 219 gignentia
1186 164 1280 206 nihi
1298 165 1399 220 lipsi
1420 180 1515 208 con-

164 225 318 276 parent
349 222 649 264 aduenticium.

285 281 353 322 69.
397 280 551 321 Ariani
591 281 743 322 uiuunt
792 285 892 335 post
936 281 1082 336 Seras,
1131 282 1294 324 Boreae
1338 283 1514 325 obnoxii

166 339 352 393 flatibus,
385 353 565 393 quorum
596 343 734 381 terras
767 341 902 381 amnis
934 340 1140 381 uehendis
1162 341 1376 383 sufficiens
1394 342 1515 383 naui—

129 417 144 442 5
164 397 244 438 bus
289 397 417 438 Arias
461 398 636 451 perfluit
677 399 860 453 nomine,
904 399 1065 440 faciens
1108 400 1250 440 lacum
1293 401 1513 454 ingentem

108 710 141 734 10

108 1004 141 1028 15

105 1297 138 1322 20

102 1883 136 1908 30

165 456 312 498 eodem
344 456 555 497 uocabulo
588 457 847 498 dictitatum.
909 458 1100 499 abundat
1132 461 1276 499 autem
1307 459 1414 500 haec
1446 474 1513 500 ea-

163 515 259 555 dem
301 515 409 556 Aria
452 515 632 569 oppidis,
674 516 787 557 inter
832 531 939 570 quae
985 520 1084 557 sunt
1128 517 1314 563 celebria
1351 517 1513 559 Vitaxa

163 572 409 615 Sarmatina
453 577 494 614 et
535 572 678 615 Sotira
722 577 764 615 et
795 574 961 616 Nisibis
1008 578 1050 616 et
1082 575 1356 629 Alexandria,
1398 576 1511 617 unde

160 632 386 686 nauiganti
424 632 478 673 ad
517 630 721 686 Caspium
759 648 878 674 mare
918 634 1154 688 quingenta
1193 635 1331 675 stadia
1367 649 1513 676 nume-

161 694 312 732 rantur
345 694 387 732 et
417 690 548 731 mille.

283 750 349 791 70.
381 749 463 791 His
495 749 601 791 locis
632 749 977 804 Paropanisadae
1011 754 1109 792 sunt
1146 752 1343 806 proximi,
1380 751 1510 794 Indos

162 808 215 850 ab
249 808 413 849 oriente
448 806 768 863 Caucasumque
800 809 853 850 ab
887 809 1141 851 occidentali
1172 810 1307 851 latere
1338 825 1511 864 prospe-

161 870 340 921 ctantes,
372 867 456 920 ipsi
477 882 643 922 quoque
664 868 875 909 montium
895 868 1131 909 defectibus
1162 868 1371 922 inclinati,
1403 883 1510 923 quos

159 925 340 966 residuis
362 926 560 967 omnibus
580 926 719 967 maior
740 925 1118 980 Ortogordomaris
1139 927 1335 968 interluit
1355 927 1509 969 fluuius

162 999 185 1025 a
206 983 449 1025 Bactrianis
482 998 728 1039 exsurgens.
789 984 950 1026 habent
982 988 1125 1026 autem
1146 986 1278 1026 etiam
1310 986 1508 1027 ciuitates

160 1042 341 1096 aliquas,
379 1043 532 1097 quibus
565 1043 765 1084 clariores
807 1046 906 1084 sunt
939 1042 1104 1085 Gazaca
1143 1046 1184 1084 et
1213 1043 1427 1086 Naulibus
1466 1048 1509 1086 et

160 1099 416 1155 Ortospana,
459 1102 568 1142 unde
612 1102 770 1143 litorea
811 1102 1035 1156 nauigatio
1080 1102 1132 1143 ad
1170 1117 1302 1156 usque
1341 1102 1508 1144 Mediae

159 1158 278 1213 fines,
309 1160 446 1214 portis
478 1160 697 1214 proximos
719 1159 886 1214 Caspiis
920 1161 1155 1202 stadiorum
1187 1164 1287 1202 sunt
1318 1161 1400 1203 duo
1432 1161 1508 1202 mi-

158 1218 215 1259 lia
249 1221 291 1259 et
323 1218 515 1260 ducenta.

280 1278 345 1318 71.
377 1277 491 1318 Ante
531 1277 658 1319 dictis
692 1278 882 1318 continui
921 1281 1021 1318 sunt
1053 1277 1295 1332 Drangiani
1327 1278 1507 1319 collibus

159 1335 451 1391 cohaerentes,
466 1368 755 1377 .............
788 1336 998 1377 Arabium
1029 1337 1201 1377 nomine
1240 1336 1333 1377 ideo
1367 1336 1508 1390 adpel-

157 1394 295 1435 latum
328 1395 441 1449 quod
472 1395 568 1436 inde
603 1395 802 1448 exoritur,
835 1395 1029 1449 interque
1063 1395 1149 1435 alia
1175 1394 1339 1436 duobus
1372 1395 1508 1436 muni·

159 1452 280 1506 cipiis
315 1453 553 1494 exultantes
579 1453 872 1507 Prophthasia
911 1457 954 1494 et
984 1453 1167 1507 Ariaspe
1204 1456 1252 1494 ut
1290 1453 1506 1507 opulentis

157 1513 200 1552 et
232 1511 370 1553 claris.

281 1571 347 1611 72.
379 1569 486 1612 Post
518 1585 624 1624 quos
647 1571 924 1612 exaduersum
943 1570 1183 1611 Arachosia
1214 1570 1381 1624 uisitur,
1412 1571 1508 1611 dex-

157 1632 271 1669 trum
307 1642 489 1683 uergens
529 1630 575 1670 in
615 1630 728 1671 latus
762 1629 879 1670 Indis
921 1629 1107 1682 obiecta,
1146 1643 1273 1682 quam
1314 1629 1366 1670 ab
1399 1628 1505 1670 Indo

156 1687 388 1728 fluuiorum
419 1688 627 1742 maximo,
659 1688 769 1729 unde
800 1688 1000 1742 regiones
1034 1688 1363 1741 cognominatae
1397 1690 1506 1742 sunt,

157 1746 294 1787 amnis
327 1746 464 1787 multo
497 1746 637 1787 minor
671 1747 867 1787 exoriens
900 1761 1107 1800 aquarum
1140 1745 1276 1787 adluit
1308 1746 1507 1800 amplitu-

157 1804 254 1845 dine
296 1804 511 1859 efficitque
549 1805 749 1859 paludem
786 1804 1202 1846 Arachotoscrenem
1234 1805 1506 1858 appellatam.

156 1862 226 1904 hic
259 1878 426 1918 quoque
459 1863 655 1904 ciuitates
690 1866 788 1904 sunt
818 1864 931 1904 inter
964 1863 1071 1904 alias
1104 1863 1210 1904 uiles
1243 1862 1507 1905 Alexandria

156 1924 199 1962 et
228 1921 399 1963 Arbaca
432 1926 473 1963 et
506 1920 715 1976 Choaspa.

249 2128 269 2158 3
286 2123 415 2157 Ariani
436 2123 469 2157 G
487 2123 620 2157 afriani
634 2123 701 2158 VP
748 2128 766 2157 7
785 2124 874 2158 Aria
893 2124 926 2158 G
943 2123 1040 2157 arria
1062 2123 1129 2158 VP
1146 2134 1233 2158 area
1249 2124 1314 2158 rba
1360 2124 1505 2158 uitaxas

155 2168 339 2202 armatina
375 2167 444 2202 VP
472 2167 606 2202 Bitaxa
637 2167 818 2202 Orbitana
847 2169 912 2213 ὅρα
1029 2172 1068 2202 11
1101 2169 1188 2202 sunt
1216 2168 1376 2212 proximi
1399 2168 1506 2212 Pbya

154 2214 188 2246 st
210 2212 410 2254 inproximi
439 2213 474 2247 V
563 2216 604 2246 16
629 2214 773 2247 Gazaca
797 2213 866 2257 bya
891 2223 1049 2258 agazaca
1078 2213 1181 2248 codd.
1265 2212 1436 2247 Naulibis
1460 2213 1506 2247 ba

152 2257 325 2291 naulibus
351 2258 453 2292 codd.
511 2258 582 2292 *18
606 2259 757 2301 portum
786 2257 854 2292 VP
912 2263 952 2291 21
974 2261 1057 2301 post
1082 2257 1324 2292 cohaerentes
1348 2258 1505 2292 inseruit

153 2312 245 2345 quos
263 2301 402 2336 flumen
427 2302 535 2336 alluit
557 2301 724 2336 Valesius
747 2312 813 2336 om.
837 2302 940 2338 codd,
1026 2306 1069 2337 29
1094 2302 1324 2347 appellatam
1348 2302 1415 2346 bqa
1440 2313 1503 2346 ap-

152 2346 297 2390 pellant
326 2346 393 2381 VP
440 2351 482 2381 30
506 2347 600 2381 uiles
627 2347 659 2381 G
684 2347 793 2381 utiles
823 2346 936 2382 VPba
960 2347 1103 2382 nobiles
1129 2347 1300 2392 Eysseazh.
