1573 2508
122 69 258 105 XXIIII
697 65 984 104 mAEFATIO.

121 165 199 218 sis,
235 164 308 219 qui
346 178 396 205 ex
434 162 635 204 thesauro
674 176 751 204 suo
788 161 1004 203 uberrimo
1045 160 1152 203 mihi
1189 161 1463 204 demandauit

120 223 328 264 editiones
362 221 529 275 Sabini,
558 220 745 274 Erasmi,
776 218 945 274 Geleni3
977 219 1148 275 utrique
1181 220 1344 274 gratias
1377 233 1461 276 ago

121 296 251 336 quam
282 281 503 322 maximas.

240 339 506 393 Quamquam
548 336 684 391 igitur
727 335 834 377 mihi
882 339 1056 390 praesto
1107 339 1208 378 sunt
1257 336 1461 393 subsidia,

120 398 274 452 quibus
307 397 512 438 maiorem
544 395 775 437 editionem
796 399 1005 450 apparatu
1035 395 1164 449 pleno
1192 395 1462 453 instruerem,

118 459 265 497 tamen
303 456 512 497 minorem
544 454 587 495 in
619 468 820 508 praesens
854 468 949 495 011111
980 454 1094 496 notis
1133 454 1305 496 selectis
1338 455 1462 498 edere

119 514 264 555 malui.
326 513 447 563 Quod
492 513 626 567 siquis
670 513 998 567 uituperauerit,
1040 513 1235 568 equidem
1276 528 1363 555 non
1399 529 1462 556 re-

117 573 339 627 pugnabo,
377 586 471 613 cum
510 572 554 613 in
591 571 733 613 animo
771 571 970 626 habeam,
1009 586 1166 626 paucos
1197 575 1296 626 post
1327 587 1460 616 annos

118 644 320 686 magnam
351 630 574 673 absoluere
608 630 850 671 editionem.

235 712 286 754 In
317 713 396 754 hac
428 712 613 754 editione
646 711 907 753 conficienda
931 726 1176 766 numquam,
1206 712 1291 753 nisi
1321 713 1460 756 causis

117 775 337 826 permotus
399 771 693 825 grauissimis,
762 771 1063 812 auctoritatem
1124 771 1297 826 neglexi
1358 771 1460 813 libri

120 829 332 883 Vaticani,
365 844 491 884 quem
522 829 795 883 potissimum
816 829 965 870 ducem
998 831 1167 871 secutus
1189 844 1294 883 sum,
1328 830 1459 872 etiam

119 889 162 930 in
199 889 325 930 rebus
365 888 730 943 orthographicis,
768 887 810 928 id
849 890 1018 929 tantum
1057 887 1163 929 mihi
1203 902 1460 943 proponens,

115 950 164 989 ut
212 947 473 988 abstinerem
524 946 673 988 formis
728 946 854 1000 plane
899 947 1112 1000 barbaris,
1158 961 1262 1001 quas
1307 946 1460 990 admit-

116 1007 207 1047 tere
250 1020 336 1047 non
373 1006 535 1047 ueritus
581 1008 646 1046 est
689 1004 756 1046 Fr.
799 1004 1106 1059 Eyssenhardt,
1149 1019 1287 1060 neque
1330 1005 1460 1048 nimis

115 1064 356 1106 recederem
407 1080 432 1105 a
482 1064 693 1106 scribendi
753 1076 908 1118 genere
958 1065 1003 1105 in
1052 1063 1130 1105 hac
1194 1063 1460 1107 bibliotheca

114 1125 299 1176 recepto.

233 1203 458 1245 Postremo
497 1203 920 1245 animaduertendum
959 1207 1042 1258 est,
1080 1219 1147 1246 me
1190 1205 1234 1245 111
1266 1205 1460 1246 lectioni-

115 1262 195 1304 bus
234 1262 454 1303 enotandis
496 1262 730 1304 editionum
762 1263 1099 1317 orthographiae
1132 1264 1336 1305 minutias
1369 1278 1461 1305 uer-

115 1321 353 1375 borumque
386 1321 705 1362 distinctionem
737 1335 823 1363 non
856 1322 1070 1363 curauisse
1102 1322 1223 1363 uelut
1264 1322 1330 1375 18,
1364 1323 1400 1376 7,
1432 1322 1459 1364 3

115 1379 286 1433 scripsi:
326 1379 511 1433 conpelli
558 1379 730 1432 VPbya,
762 1395 857 1421 cum
890 1381 965 1433 hya,
996 1380 1203 1422 habeant:
1239 1380 1458 1436 compelli3

114 1437 184 1492 20,
222 1438 260 1491 2,
298 1437 325 1479 5
363 1438 599 1479 imnodicos
637 1438 729 1480 altu
775 1439 906 1492 VAP,
945 1440 1036 1480 sed:
1076 1439 1303 1481 immodico
1345 1439 1460 1482 saltu

112 1495 167 1537 A.
198 1510 232 1537 e.
253 1511 291 1550 q.
318 1511 349 1537 s.
382 1511 412 1537 s.
446 1520 501 1526 —
533 1496 584 1537 In
617 1499 819 1538 contextu
852 1498 945 1551 ipso
978 1499 1143 1552 graecis
1176 1498 1336 1540 litteris
1363 1512 1459 1540 0011-

114 1554 339 1596 scribenda
370 1555 514 1596 curaui
543 1556 696 1609 omnia,
730 1556 884 1610 quibus
918 1556 1080 1598 addidit
1100 1556 1354 1599 Ammianus
1387 1559 1460 1611 „ut

114 1610 250 1682 Grzg
299 1613 593 1667 appellamus“
622 1614 691 1655 uel
729 1615 870 1656 simile
922 1615 1039 1669 quid3
1090 1615 1135 1656 in
1184 1615 1301 1658 hisce
1344 1615 1458 1658 enim

114 1671 274 1726 rebuk?
299 1671 431 1713 odicis
465 1672 617 1726 optimi
650 1674 884 1714 auctoritas
916 1673 1038 1715 nulla
1069 1674 1156 1715 fere
1190 1678 1267 1729 est,
1300 1675 1457 1730 quippe

114 1729 185 1784 qui
229 1743 384 1784 graeca
426 1730 574 1772 latinis
619 1734 661 1773 et
700 1731 836 1773 latina
867 1732 1030 1787 graecis
1061 1732 1218 1775 litteris
1251 1733 1457 1788 praebeat

113 1791 301 1830 exarata.

230 1858 440 1901 Praemisi
485 1860 729 1914 fragmenta
772 1861 983 1903 librorum
1034 1862 1369 1916 deperditorum,
1413 1863 1459 1904 111

113 1917 268 1970 quibus
319 1918 528 1973 eligendis
579 1933 651 1960 cos
701 1923 871 1961 tantum
921 1920 1038 1962 locos
1089 1921 1250 1975 recepi,
1302 1921 1457 1976 quibus

111 1974 365 2017 Ammianus
399 1977 569 2019 disertis
603 1978 746 2020 uerbis
779 1993 824 2020 se
844 1979 930 2020 iam
965 1982 1092 2021 antea
1117 1980 1222 2021 haec
1255 1980 1455 2035 tetigisse

110 2033 226 2075 dicit.
288 2034 452 2083 Quibus
497 2036 706 2077 addiderit
742 2038 853 2079 forte
893 2038 1050 2093 aliquis
1095 2039 1236 2080 10011111
1278 2038 1349 2092 16,
1392 2039 1457 2092 10,

113 2091 179 2144 12,
223 2093 293 2146 qui
333 2094 474 2135 nescio
528 2109 610 2148 quo
662 2110 761 2136 casu
806 2096 973 2138 excidit.
1043 2096 1093 2137 In
1132 2098 1214 2138 fine
1255 2097 1457 2139 subiunxi

112 2150 249 2191 fastos
301 2153 522 2194 consulum
574 2155 616 2193 et
664 2155 979 2206 praefectorum
1029 2156 1125 2197 urbi
1175 2153 1231 2210 (a.
1273 2171 1313 2210 p.
1357 2154 1457 2197 Chr.

111 2207 335 2265 351—78)
380 2226 462 2264 quo
508 2212 552 2252 in
595 2214 836 2265 temporum
886 2213 1127 2255 rationibus
1179 2214 1456 2256 fundamento

113 2266 250 2307 utitur
283 2267 549 2311 Ammianus.
613 2268 823 2312 Secuntur
856 2275 1055 2326 excerpta
1087 2286 1301 2327 anonyma
1329 2272 1457 2314 Vale-

115 2324 247 2378 siana,
281 2340 460 2380 quornm
493 2327 649 2370 nostris
689 2328 837 2371 diebus
870 2331 1042 2372 unicum
1086 2331 1274 2373 codicem
1317 2331 1455 2374 denuo
