1573 2508
146 90 205 132 90
631 88 718 125 XVI
741 93 773 132 9,
802 94 818 125 l
843 109 886 115 —-
913 93 964 132 10,
990 93 1010 125 7

1543 148 1550 163 Ι

146 184 477 225 aemulationem
510 184 741 237 posteritas
774 183 952 225 tendens
985 183 1136 225 satiari
1168 197 1402 238 numquam
1423 196 1496 237 po·
1539 170 1551 197 '⁴

146 242 232 283 tuit
265 257 360 283 cum
392 242 661 295 possessione
693 242 829 283 multo
863 242 1035 283 maiore.

266 301 310 341 9.
331 302 366 341 l.
380 301 441 341 At
456 300 613 341 Persae
634 300 676 341 in
699 300 863 342 oriente
882 314 957 354 per
977 300 1093 342 furta
1113 304 1156 341 et
1175 299 1403 342 latrocinia
1422 308 1495 354 p'o-
1546 297 1554 346 ἓ

146 359 232 400 tius
254 373 393 412 quam,
426 362 472 400 ut
492 359 691 400 solebant
712 363 850 412 antea,
870 373 945 413 per
965 359 1307 400 concursatorias
1326 370 1494 413 pugnas
1547 357 1554 405 ξ

145 417 368 458 11011111111111
389 418 567 471 praedas
589 418 816 472 agitabant
836 421 879 459 et
910 431 1123 471 pecorum,
1155 417 1250 471 quis
1269 431 1356 458 non
1373 431 1493 459 num·
1512 428 1529 454 ⁵

147 490 274 529 quam
318 476 595 517 lucrabantur
634 481 679 518 ut
723 476 954 530 repentini,
1000 475 1258 529 aliquotiens
1303 475 1494 529 superati

145 534 421 576 multitudine
460 534 663 584 militum,
687 535 963 588 amittebant,
1002 534 1215 575 interdum
1254 533 1363 574 nihil
1400 548 1494 587 pro-

147 593 310 646 spicere
362 608 534 647 prorsus
586 594 697 647 quod
747 597 917 647 poterat
966 593 1059 647 rapi
1120 592 1493 646 permittebantur.

145 651 185 692 2.
200 650 479 693 Musonianus
495 655 639 693 tamen
655 652 894 705 praefectus
915 651 1129 705 praetorio
1145 651 1306 704 multis,
1326 654 1374 692 ut
1393 654 1492 692 ante

145 709 349 763 diximus,
387 710 512 751 bonis
545 711 710 752 artibus
744 711 951 763 eruditus,
991 710 1063 751 sed
1103 710 1264 751 uenalis
1298 713 1340 751 et
1379 709 1492 751 flecti
1513 723 1546 748 ιο

146 782 171 808 a
203 768 385 809 ueritate
417 769 597 822 pecunia
630 769 770 810 facilis
803 783 879 822 per
912 769 1156 810 emissarios
1184 768 1390 822 quosdam
1415 767 1492 809 fal-
1543 774 1547 778 ’

144 826 259 867 lendi
292 827 692 881 perstringendique
713 841 871 881 gnaros
892 826 1119 868 Persarum
1141 826 1376 868 scitabatur
1396 840 1490 868 con·

145 885 244 926 silia
275 885 501 940 adsumpto
535 887 578 927 in
610 886 940 927 deliberationes
979 886 1104 927 huius
1136 885 1251 926 modi
1284 884 1490 927 Cassiano

143 942 482 997 Mesopotamiae
520 945 641 997 duce,
680 945 904 998 stipendiis
944 948 986 985 et
1018 944 1336 985 discriminibus
1374 943 1491 985 indu-

142 1005 238 1043 rato
272 1003 464 1044 diuersis.
510 1004 548 1044 3.
581 1004 653 1057 qui
686 1018 779 1044 cum
802 1004 881 1043 fide
902 1003 1150 1044 concinente
1172 1002 1490 1056 speculatorum
1510 1013 1543 1040 15

142 1064 290 1114 aperte
323 1064 580 1115 cognossent
601 1062 804 1115 Saporem
836 1063 880 1102 in
901 1062 1102 1103 extremis
1123 1061 1245 1115 regni
1276 1061 1488 1102 limitibus

144 1133 317 1160 suorum
368 1121 575 1174 sanguine
626 1122 721 1161 fuso
772 1121 1003 1174 multiplici
1054 1134 1180 1174 aegre
1238 1119 1489 1173 propulsare

143 1181 292 1231 gentes
324 1178 516 1232 infestas,
548 1178 856 1232 Tamsaporem
888 1179 1035 1220 ducem
1069 1178 1183 1232 parti
1203 1180 1374 1219 nostrae
1394 1192 1489 1220 con-

142 1236 311 1290 tiguum
349 1238 528 1279 occultis
566 1253 641 1291 per
680 1237 852 1291 ignotos
890 1238 1050 1278 milites
1090 1241 1355 1291 temptauere
1394 1250 1489 1278 con-

142 1295 318 1350 loquiis,
350 1299 396 1336 ut
429 1297 464 1337 si
497 1297 664 1350 copiam
696 1298 785 1337 fors
818 1296 1022 1349 dedisset,
1061 1296 1258 1337 suaderet
1289 1295 1380 1350 regi
1411 1310 1487 1349 per
1506 1307 1539 1332 20

140 1354 308 1396 litteras
340 1369 488 1407 pacem
508 1355 680 1395 tandem
700 1354 928 1409 aliquando
951 1370 1044 1396 cum
1077 1354 1268 1408 principe
1289 1354 1484 1396 Romano

142 1414 324 1465 firmare,
356 1416 403 1454 ut
434 1413 513 1454 hoc
547 1414 660 1455 facto
689 1414 821 1454 latere
842 1414 894 1454 ab
917 1414 1032 1454 omni
1054 1428 1224 1454 securus
1245 1412 1484 1467 perduelles

142 1471 365 1513 aduolaret
397 1472 607 1513 adsiduos.
651 1474 690 1513 4.
722 1473 865 1525 paruit
897 1471 1134 1525 Tamsapor
1166 1471 1318 1525 hisque
1350 1471 1485 1512 fretus

140 1530 273 1572 refert
294 1530 346 1571 ad
378 1543 535 1584 regem,
569 1531 680 1585 quod
712 1531 839 1571 bellis
872 1530 1090 1571 acerrimis
1116 1528 1392 1571 Constantius
1425 1529 1486 1570 in·

140 1589 326 1642 plicatus
358 1603 506 1642 pacem
538 1589 731 1642 postulat
763 1589 1036 1643 precatiuam.
1075 1588 1256 1643 dumque
1289 1588 1342 1629 ad
1363 1586 1489 1630 Chio·
1507 1598 1541 1624 2⁵

140 1647 256 1688 nitas
295 1650 337 1687 et
367 1647 561 1688 Eusenos
598 1648 701 1688 haec
741 1648 901 1701 scripta
939 1647 1186 1700 mittuntur,
1225 1647 1270 1687 in
1307 1660 1487 1700 quorum

141 1705 336 1747 confiniis
393 1706 551 1759 agebat
600 1705 784 1747 hiemem
830 1706 983 1759 Sapor,
1040 1709 1207 1759 tempus
1258 1704 1488 1746 interstitit

140 1764 331 1817 longum.

263 1821 338 1864 10.
359 1824 393 1863 1.
408 1822 525 1863 Haec
539 1823 638 1864 dum
653 1837 728 1876 per
742 1823 856 1863 ans
872 1825 1014 1875 partes
1030 1827 1072 1863 et
1087 1822 1252 1863 Gallias
1267 1836 1343 1876 pro
1359 1825 1486 1875 captu

139 1883 383 1934 temporum
415 1881 709 1934 disponuntur,
742 1881 1018 1922 Constantius
1051 1881 1173 1935 quasi
1205 1881 1372 1922 recluso
1393 1880 1486 1921 Iani
1505 1891 1539 1917 ³0

140 1940 303 1992 templo
337 1939 569 1993 stratisque
602 1939 798 1980 hostibus
831 1939 993 1980 cunctis
1026 1938 1209 1980 Romam
1248 1938 1385 1980 uisere
1417 1951 1486 1992 ge-

141 1998 301 2038 stiebat
333 2000 429 2050 post
449 1996 673 2051 Magnenti
705 1998 882 2039 exitium
915 1998 1074 2052 absque
1106 1998 1278 2040 nomine
1310 2012 1360 2038 ex
1393 2012 1485 2038 san-

140 2055 269 2109 guine
292 2055 483 2096 Romano
505 2055 860 2109 triumphaturus.
881 2057 919 2097 ⁹2..
940 2071 1015 2097 nec
1030 2056 1143 2097 enim
1163 2059 1336 2110 gentem
1350 2055 1485 2097 ullam

229 2185 250 2214 8
275 2181 589 2224 permittebantur
616 2182 648 2215 G
673 2182 1036 2225 percumittebantur
1066 2181 1131 2216 VP
1186 2186 1226 2216 13
1247 2180 1424 2227 ,Cassiano
1451 2181 1485 2216 G

139 2225 346 2259 cassionum
378 2225 445 2259 Vl)
517 2229 554 2259 17
580 2235 728 2259 suorum
754 2245 796 2251 ——
824 2231 863 2262 19
888 2226 1025 2260 milites
1048 2226 1137 2262 add.
1168 2226 1228 2259 V¹¹¹
1309 2229 1351 2260 22³.
1376 2225 1424 2260 ab
1451 2225 1485 2260 G

140 2270 189 2304 ad
218 2269 331 2304 VPba
422 2274 465 2304 ‘23
497 2269 705 2304 adbellaret
739 2271 771 2304 (τ’
862 2275 905 2305 26
936 2281 1089 2306 eusenos
1119 2270 1230 2315 VPb9
1258 2269 1421 2306 Halanos
1448 2270 1485 2304 A

139 2318 183 2349 29
220 2325 305 2349 eoas
334 2315 369 2348 Α.
406 2324 468 2348 eos
507 2314 538 2346 V
571 2325 632 2348 eas
668 2315 748 2359 Pby
840 2320 882 2351 30
918 2316 1024 2359 quasi
1066 2315 1230 2351 Valesius
1264 2325 1377 2360 quam
1418 2314 1486 2350 ΥΡ

139 2362 180 2393 31
204 2359 450 2403 qestratisque
484 2358 515 2392 Γ
537 2358 739 2403 atratisque
767 2360 801 2393 P
