1614 2549
370 86 706 123 CONSTANTIVS
731 86 792 121 ET
818 86 1050 122 IVLIANVS
1076 90 1140 122 361
1349 89 1431 131 241

85 185 128 224 et
146 183 352 224 Hiberiae
372 196 508 237 reges,
542 183 660 224 cultu
679 181 911 223 ambitioso
933 181 1279 222 indumentortun
1301 196 1434 223 emer-

85 243 294 284 cabantur
326 245 369 283 et
400 241 738 283 multiformibus
766 241 902 294 donis,
935 240 1090 282 damna
1127 240 1315 294 negotiis
1350 239 1433 282 Ro-

84 301 223 342 manis
244 301 438 354 inlatiu-i,
460 301 497 341 si
528 301 653 342 rebus
686 303 779 341 tum
812 299 945 341 etiam
976 299 1118 341 dubiis
1151 299 1433 341 desciuissent

84 360 138 401 ad
168 359 336 401 Persas.
398 360 436 400 9.
468 360 581 401 inter
612 362 679 401 tot
709 359 910 413 urgentia
929 357 1200 412 Hermogene
1232 357 1432 399 defuncto

47 427 64 452 5
86 419 139 460 ad
157 418 472 472 praefecturam
491 421 771 473 promouetur
791 417 1017 471 Helpidius
1045 420 1164 458 ortus
1185 417 1231 457 in
1249 416 1434 471 Paphla-

85 478 226 532 gonia,
279 480 455 532 aspectu
507 477 608 518 uilis
656 480 698 518 et
740 478 889 531 lingua
931 476 1003 517 sed
1046 476 1321 529 simplicioris
1372 476 1433 516 in·

85 537 214 591 genii,
251 537 497 578 incruentus
531 540 573 578 et
604 537 723 577 mitis
757 536 874 589 adeo,
913 538 959 576 ut
992 549 1086 576 cum
1119 535 1158 575 ei
1190 549 1334 575 coram
1372 534 1431 575 in-

83 598 312 636 nocentem
344 596 555 650 quendam
586 598 784 650 torquere
819 593 1098 636 Constantius
1131 593 1434 647 praecepisset,

85 668 221 708 aequo
256 654 398 696 animo
432 655 637 709 abrogari
669 654 752 695 sibi
784 655 1044 708 potestatem
1071 655 1213 694 oraret
1243 651 1433 706 haecque

32 722 65 746 10
83 712 326 766 potioribus
348 713 445 754 aliis
479 728 529 754 ex
563 713 776 754 sententia
808 712 1014 766 principis
1036 711 1202 766 agenda
1228 710 1435 764 permitti.

207 771 248 813 7.
274 773 309 812 1.
329 771 490 826 Rigore
522 773 667 826 itaque
700 771 954 813 instantium
973 771 1248 825 negotiorum
1280 784 1434 823 anceps

89 828 382 885 Constantius,
416 831 516 885 quid
549 834 791 885 capesseret
824 830 1086 884 ambigebat,
1124 829 1197 869 diu
1234 828 1435 869 multum-

87 903 167 943 que
200 891 362 944 anxius,
394 893 538 931 utrum
569 889 786 931 Iulianum
815 891 983 943 peteret
1016 891 1058 929 et
1090 887 1339 941 longinqua,
1381 901 1436 928 an

86 947 272 989 Parthos
305 949 534 1003 repelleret
566 949 654 990 iam
684 948 944 990 transituros
977 950 1024 988 ut
1056 946 1333 987 minabantiu·
1353 945 1436 986 Eu-

33 1016 67 1041 15
85 1006 297 1061 phratem,
326 1007 594 1062 haerensque
614 1007 787 1049 tandem
807 1022 902 1048 cum
922 1006 1098 1047 ducibus
1120 1004 1434 1046 communicato

87 1080 215 1120 saepe
237 1066 430 1120 consilio,
462 1067 508 1107 in
527 1067 570 1107 id
602 1067 736 1107 flexus
758 1069 835 1119 est,
855 1069 902 1106 ut
934 1065 1055 1106 finito
1088 1064 1287 1118 propiore
1318 1062 1435 1104 bello

87 1125 158 1165 uel
190 1127 303 1166 certe
343 1126 528 1180 mollito,
565 1125 686 1166 nullo
718 1128 817 1179 post
855 1127 979 1178 terga
1011 1123 1162 1164 relicto
1197 1137 1323 1176 quem
1354 1121 1438 1162 for-

88 1183 284 1238 midaret,
315 1184 482 1239 Illyriis
514 1184 727 1239 percursis
762 1187 803 1225 et
834 1183 978 1236 Italia,
1010 1185 1057 1223 ut
1089 1182 1278 1234 rebatur,
1309 1180 1438 1221 Iulia-

87 1257 191 1283 num
231 1243 344 1284 inter
387 1243 560 1285 exordia
601 1244 695 1297 ipsa
729 1245 977 1296 coeptorum
1017 1244 1239 1295 tamquam
1276 1239 1440 1280 uenati-

34 1311 68 1336 20
89 1301 200 1342 ciam
230 1302 435 1356 praedam
467 1306 651 1356 caperet.
711 1301 792 1342 hoc
826 1301 939 1342 enim
972 1300 1024 1341 ad
1062 1299 1306 1340 leniendum
1347 1312 1438 1339 suo-

89 1375 187 1401 rum
218 1363 381 1402 metum
419 1361 596 1402 subinde
634 1360 924 1415 praedicabat.
986 1360 1025 1400 2.
1064 1361 1211 1399 tamen
1247 1371 1299 1398 ne
1332 1357 1439 1397 inte-

87 1423 283 1473 pesceret
303 1423 377 1462 aut
397 1421 594 1461 omisisse
626 1419 732 1460 belli
753 1419 970 1460 uideretur
990 1417 1107 1459 aliud
1127 1417 1254 1469 latus,
1287 1416 1440 1457 aduen-

87 1481 159 1519 tus
205 1479 271 1519 sui
314 1482 526 1520 terrorem
571 1479 729 1533 ubique
777 1478 1050 1532 dispergens,
1095 1476 1342 1529 ueritusque
1386 1489 1439 1515 ne

88 1536 237 1579 Africa
270 1538 448 1579 absente
469 1553 517 1579 eo
549 1539 897 1592 perrumperetur
930 1536 983 1577 ad
1004 1550 1150 1577 omnes
1172 1549 1295 1576 casus
1328 1533 1442 1587 prin-

36 1605 70 1630 25
90 1596 256 1651 cipibus
301 1600 524 1651 oportuna,
568 1597 687 1638 uelut
730 1596 887 1637 finibus
927 1595 1105 1636 orientis
1139 1607 1337 1648 egressus
1364 1606 1441 1646 per

91 1670 208 1697 mare
239 1657 457 1698 notarium
489 1656 608 1698 misit
640 1655 941 1708 Gaudentium,
973 1668 1099 1708 quem
1126 1653 1442 1706 exploratorem

92 1717 263 1756 actuum
283 1715 444 1757 Iuliani
463 1731 540 1770 per
559 1715 726 1756 Gallias
748 1713 1015 1768 aliquamdiu
1045 1713 1177 1753 fuisse
1208 1710 1442 1765 praestrin-

91 1773 244 1815 ximus.
307 1775 345 1816 3.
377 1774 490 1816 hunc
522 1774 637 1815 enim
668 1774 875 1828 obsequio
908 1772 1036 1813 celeri
1069 1773 1219 1812 cuncta
1252 1769 1443 1811 conside-

91 1833 259 1875 ratione
280 1833 453 1888 gemina
474 1833 641 1874 efficere
673 1847 799 1886 posse
833 1831 1047 1885 sperabat,
1074 1829 1186 1885 quod
1218 1829 1443 1869 aduersam

38 1899 75 1924 30
93 1895 264 1945 partem
282 1895 493 1934 metueret
513 1892 732 1945 offensam,
765 1894 808 1932 et
838 1890 1091 1945 properabit
1116 1890 1298 1929 nanctus
1330 1886 1443 1928 hanc

94 1952 436 2005 oportimitatem
470 1951 759 1993 commendari
779 1948 1049 2002 Constantio,
1082 1961 1209 2002 quem
1242 1945 1444 1987 credebat

93 2011 245 2064 procul
278 2010 407 2052 dubio
439 2011 531 2052 fore
565 2011 793 2051 uictorem:
824 2022 949 2049 nemo
984 2008 1098 2048 enim
1119 2005 1311 2047 omnium
1342 2006 1444 2045 tunc

96 2069 149 2110 ab
188 2069 269 2110 hac
307 2070 525 2111 constanti
564 2069 777 2110 sententia
816 2066 1100 2120 discrepabat.
1162 2065 1203 2105 4.
1237 2064 1310 2118 qui
1348 2076 1446 2105 cum

187 2201 205 2231 1
232 2197 518 2232 emercabantur
543 2197 609 2240 bya
635 2194 916 2229 emersabantur
946 2193 1013 2228 VP
1107 2198 1126 2228 3
1151 2193 1231 2226 tum
1251 2191 1356 2226 VAP
1381 2200 1445 2224 om.

96 2243 139 2286 bg]
208 2246 227 2277 5
252 2241 448 2286 Helpidius
473 2242 578 2286 Pbya
602 2239 797 2285 helpedius
827 2239 862 2273 V
929 2242 970 2272 18
995 2237 1177 2282 percussis
1208 2237 1273 2281 bya
1297 2246 1446 2286 percus-

96 2288 146 2321 sit
173 2287 242 2322 VP
338 2291 379 2320 21
405 2287 482 2321 inte
497 2286 656 2321 3esceret
679 2285 763 2319 Pba
786 2284 1056 2327 interpesceret
1085 2282 1120 2316 V
1216 2283 1284 2317 *23
1316 2280 1449 2323 ublqm

101 2331 169 2366 VP
238 2336 281 2366 24
305 2331 433 2366 affrica
493 2332 529 2366 P
602 2335 643 2365 27
670 2331 821 2364 actuum
846 2329 950 2373 Pbya
976 2329 1152 2364 auctuum
1182 2326 1212 2365 V
1297 2330 1340 2360 30
1365 2333 1447 2369 pro-

96 2376 247 2421 perabit
270 2376 460 2421 Kiessliny
485 2376 713 2421 properabat
737 2374 839 2411 codd.

168 2441 345 2466 Axmmxvs
364 2441 608 2466 Mmcnnmuvs.
1196 2436 1238 2468 16
