<?xml version="1.0" encoding="UTF-8"?>
<!DOCTYPE html PUBLIC "-//W3C//DTD XHTML 1.0 Transitional//EN"
    "http://www.w3.org/TR/xhtml1/DTD/xhtml1-transitional.dtd">
<html xmlns="http://www.w3.org/1999/xhtml" xml:lang="en" lang="en">
 <head>
  <title>
</title>
<meta http-equiv="Content-Type" content="text/html;charset=utf-8" />
  <meta name='ocr-system' content='tesseract 3.04.00' />
  <meta name='ocr-capabilities' content='ocr_page ocr_carea ocr_par ocr_line ocrx_word'/>
</head>
<body>
  <div class='ocr_page' id='page_1' title='image "./rerumgestarumlib01ammiuoft_0143.png"; bbox 0 0 1614 2549; ppageno 0'>
   <div class='ocr_carea' id='block_1_1' title="bbox 350 98 1410 143">
    <p class='ocr_par' dir='ltr' id='par_1_1' title="bbox 350 98 1410 143">
     <span class='ocr_line' id='line_1_1' title="bbox 350 98 1410 143; baseline 0 -9"><span class='ocrx_word' id='word_1_1' title='bbox 350 99 690 134; x_wconf 85' lang='lat' dir='ltr'>CONSTANTIVS</span> <span class='ocrx_word' id='word_1_2' title='bbox 715 99 778 134; x_wconf 88' lang='lat' dir='ltr'>ET</span> <span class='ocrx_word' id='word_1_3' title='bbox 803 98 1034 134; x_wconf 83' lang='lat' dir='ltr'>IVLIANVS</span> <span class='ocrx_word' id='word_1_4' title='bbox 1058 103 1123 134; x_wconf 81' lang='lat'>356</span> <span class='ocrx_word' id='word_1_5' title='bbox 1358 100 1410 143; x_wconf 78' lang='lat'>91</span> 
     </span>
    </p>
   </div>
   <div class='ocr_carea' id='block_1_2' title="bbox 0 0 72 1176">
    <p class='ocr_par' dir='ltr' id='par_1_2' title="bbox 0 0 72 1176">
     <span class='ocr_line' id='line_1_2' title="bbox 0 0 72 802; baseline 0 -112"><span class='ocrx_word' id='word_1_6' title='bbox 0 0 72 802; x_wconf 95' lang='lat' dir='ltr'>     </span> 
     </span>
     <span class='ocr_line' id='line_1_3' title="bbox 0 802 4 1176; baseline 0 1373"><span class='ocrx_word' id='word_1_7' title='bbox 0 802 4 1176; x_wconf 95' lang='lat' dir='ltr'> </span> 
     </span>
    </p>
   </div>
   <div class='ocr_carea' id='block_1_3' title="bbox 0 193 1412 2124">
    <p class='ocr_par' dir='ltr' id='par_1_3' title="bbox 65 193 1412 247">
     <span class='ocr_line' id='line_1_4' title="bbox 65 193 1412 247; baseline 0.001 -13"><span class='ocrx_word' id='word_1_8' title='bbox 65 193 181 234; x_wconf 88' lang='lat' dir='ltr'>bella</span> <span class='ocrx_word' id='word_1_9' title='bbox 200 193 381 234; x_wconf 87' lang='lat' dir='ltr'>cientem</span> <span class='ocrx_word' id='word_1_10' title='bbox 412 207 488 246; x_wconf 87' lang='lat' dir='ltr'>per</span> <span class='ocrx_word' id='word_1_11' title='bbox 520 208 564 234; x_wconf 89' lang='lat' dir='ltr'>se</span> <span class='ocrx_word' id='word_1_12' title='bbox 597 193 829 247; x_wconf 79' lang='lat' dir='ltr'>superauit,</span> <span class='ocrx_word' id='word_1_13' title='bbox 862 195 935 234; x_wconf 89' lang='lat' dir='ltr'>aut</span> <span class='ocrx_word' id='word_1_14' title='bbox 967 193 1127 235; x_wconf 87' lang='lat' dir='ltr'>uictam</span> <span class='ocrx_word' id='word_1_15' title='bbox 1158 193 1412 236; x_wconf 86' lang='lat' dir='ltr'>fortitudine</span> 
     </span>
    </p>

    <p class='ocr_par' dir='ltr' id='par_1_4' title="bbox 64 251 1412 364">
     <span class='ocr_line' id='line_1_5' title="bbox 65 251 1412 307; baseline 0.001 -14"><span class='ocrx_word' id='word_1_16' title='bbox 65 265 236 293; x_wconf 91' lang='lat' dir='ltr'>suorum</span> <span class='ocrx_word' id='word_1_17' title='bbox 268 252 462 305; x_wconf 86' lang='lat' dir='ltr'>conperit</span> <span class='ocrx_word' id='word_1_18' title='bbox 494 251 659 305; x_wconf 81' lang='lat' dir='ltr'>ducum,</span> <span class='ocrx_word' id='word_1_19' title='bbox 690 252 760 293; x_wconf 91' lang='lat' dir='ltr'>uel</span> <span class='ocrx_word' id='word_1_20' title='bbox 793 251 956 293; x_wconf 89' lang='lat' dir='ltr'>addidit</span> <span class='ocrx_word' id='word_1_21' title='bbox 989 252 1197 306; x_wconf 80' lang='lat' dir='ltr'>quaedam</span> <span class='ocrx_word' id='word_1_22' title='bbox 1218 253 1412 307; x_wconf 87' lang='lat' dir='ltr'>imperio,</span> 
     </span>
     <span class='ocr_line' id='line_1_6' title="bbox 64 310 1412 364; baseline 0.002 -14"><span class='ocrx_word' id='word_1_23' title='bbox 64 312 138 351; x_wconf 86' lang='lat' dir='ltr'>aut</span> <span class='ocrx_word' id='word_1_24' title='bbox 168 324 347 363; x_wconf 84' lang='lat' dir='ltr'>usquam</span> <span class='ocrx_word' id='word_1_25' title='bbox 378 310 424 350; x_wconf 91' lang='lat' dir='ltr'>in</span> <span class='ocrx_word' id='word_1_26' title='bbox 453 310 782 351; x_wconf 88' lang='lat' dir='ltr'>necessitatibus</span> <span class='ocrx_word' id='word_1_27' title='bbox 804 310 982 351; x_wconf 85' lang='lat' dir='ltr'>summis</span> <span class='ocrx_word' id='word_1_28' title='bbox 1014 311 1177 364; x_wconf 86' lang='lat' dir='ltr'>primus</span> <span class='ocrx_word' id='word_1_29' title='bbox 1199 311 1268 352; x_wconf 91' lang='lat' dir='ltr'>uel</span> <span class='ocrx_word' id='word_1_30' title='bbox 1300 312 1412 353; x_wconf 86' lang='lat' dir='ltr'>inter</span> 
     </span>
    </p>

    <p class='ocr_par' dir='ltr' id='par_1_5' title="bbox 63 368 1412 424">
     <span class='ocr_line' id='line_1_7' title="bbox 63 368 1412 424; baseline 0.003 -16"><span class='ocrx_word' id='word_1_31' title='bbox 63 368 224 422; x_wconf 84' lang='lat' dir='ltr'>primos</span> <span class='ocrx_word' id='word_1_32' title='bbox 247 371 311 409; x_wconf 86' lang='lat' dir='ltr'>est</span> <span class='ocrx_word' id='word_1_33' title='bbox 330 368 461 421; x_wconf 77' lang='lat' dir='ltr'>uisus,</span> <span class='ocrx_word' id='word_1_34' title='bbox 493 369 565 409; x_wconf 86' lang='lat' dir='ltr'>sed</span> <span class='ocrx_word' id='word_1_35' title='bbox 584 371 632 410; x_wconf 90' lang='lat' dir='ltr'>ut</span> <span class='ocrx_word' id='word_1_36' title='bbox 664 383 866 422; x_wconf 85' lang='lat' dir='ltr'>pompam</span> <span class='ocrx_word' id='word_1_37' title='bbox 885 369 1014 409; x_wconf 90' lang='lat' dir='ltr'>nimis</span> <span class='ocrx_word' id='word_1_38' title='bbox 1037 372 1253 411; x_wconf 79' lang='lat' dir='ltr'>extentam</span> <span class='ocrx_word' id='word_1_39' title='bbox 1273 370 1412 424; x_wconf 79' lang='lat' dir='ltr'>rigen-</span> 
     </span>
    </p>

    <p class='ocr_par' dir='ltr' id='par_1_6' title="bbox 24 426 1412 481">
     <span class='ocr_line' id='line_1_8' title="bbox 24 426 1412 481; baseline 0.003 -14"><span class='ocrx_word' id='word_1_40' title='bbox 24 440 43 466; x_wconf 85' lang='lat'>5</span> <span class='ocrx_word' id='word_1_41' title='bbox 62 426 206 481; x_wconf 88' lang='lat' dir='ltr'>tiaque</span> <span class='ocrx_word' id='word_1_42' title='bbox 239 441 341 468; x_wconf 89' lang='lat' dir='ltr'>auro</span> <span class='ocrx_word' id='word_1_43' title='bbox 374 427 534 468; x_wconf 78' lang='lat' dir='ltr'>uexilla</span> <span class='ocrx_word' id='word_1_44' title='bbox 567 430 609 468; x_wconf 92' lang='lat' dir='ltr'>et</span> <span class='ocrx_word' id='word_1_45' title='bbox 639 427 972 481; x_wconf 72' lang='lat' dir='ltr'>pulcritudinem</span> <span class='ocrx_word' id='word_1_46' title='bbox 993 428 1250 481; x_wconf 88' lang='lat' dir='ltr'>stipatorum</span> <span class='ocrx_word' id='word_1_47' title='bbox 1273 432 1412 471; x_wconf 81' lang='lat' dir='ltr'>osten-</span> 
     </span>
    </p>

    <p class='ocr_par' dir='ltr' id='par_1_7' title="bbox 60 484 1412 715">
     <span class='ocr_line' id='line_1_9' title="bbox 62 484 1412 542; baseline 0.003 -16"><span class='ocrx_word' id='word_1_48' title='bbox 62 484 180 526; x_wconf 88' lang='lat' dir='ltr'>deret</span> <span class='ocrx_word' id='word_1_49' title='bbox 211 486 357 539; x_wconf 86' lang='lat' dir='ltr'>aoenti</span> <span class='ocrx_word' id='word_1_50' title='bbox 387 485 663 540; x_wconf 73' lang='lat' dir='ltr'>tranquillius</span> <span class='ocrx_word' id='word_1_51' title='bbox 696 485 855 539; x_wconf 90' lang='lat' dir='ltr'>populo</span> <span class='ocrx_word' id='word_1_52' title='bbox 888 485 994 526; x_wconf 86' lang='lat' dir='ltr'>haec</span> <span class='ocrx_word' id='word_1_53' title='bbox 1026 486 1094 526; x_wconf 88' lang='lat' dir='ltr'>uel</span> <span class='ocrx_word' id='word_1_54' title='bbox 1128 487 1268 527; x_wconf 89' lang='lat' dir='ltr'>simile</span> <span class='ocrx_word' id='word_1_55' title='bbox 1299 489 1412 542; x_wconf 92' lang='lat' dir='ltr'>quic-</span> 
     </span>
     <span class='ocr_line' id='line_1_10' title="bbox 62 544 1412 610; baseline 0.003 -26"><span class='ocrx_word' id='word_1_56' title='bbox 62 558 189 598; x_wconf 89' lang='lat' dir='ltr'>quam</span> <span class='ocrx_word' id='word_1_57' title='bbox 207 544 351 585; x_wconf 89' lang='lat' dir='ltr'>uidere</span> <span class='ocrx_word' id='word_1_58' title='bbox 370 559 448 585; x_wconf 91' lang='lat' dir='ltr'>nec</span> <span class='ocrx_word' id='word_1_59' title='bbox 469 544 658 597; x_wconf 88' lang='lat' dir='ltr'>speranti</span> <span class='ocrx_word' id='word_1_60' title='bbox 678 559 881 610; x_wconf 83' lang='lat' dir='ltr'>umquam</span> <span class='ocrx_word' id='word_1_61' title='bbox 903 558 980 584; x_wconf 89' lang='lat' dir='ltr'>nec</span> <span class='ocrx_word' id='word_1_62' title='bbox 1002 545 1188 597; x_wconf 88' lang='lat' dir='ltr'>optanti:</span> <span class='ocrx_word' id='word_1_63' title='bbox 1221 546 1259 586; x_wconf 72' lang='grc' dir='ltr'>ἓ).</span> <span class='ocrx_word' id='word_1_64' title='bbox 1292 547 1412 600; x_wconf 82' lang='lat' dir='ltr'>igno-</span> 
     </span>
     <span class='ocr_line' id='line_1_11' title="bbox 60 602 1410 658; baseline 0.002 -15"><span class='ocrx_word' id='word_1_65' title='bbox 60 616 160 643; x_wconf 89' lang='lat' dir='ltr'>rans</span> <span class='ocrx_word' id='word_1_66' title='bbox 174 602 357 644; x_wconf 87' lang='lat' dir='ltr'>fortasse</span> <span class='ocrx_word' id='word_1_67' title='bbox 373 603 579 657; x_wconf 88' lang='lat' dir='ltr'>quosdam</span> <span class='ocrx_word' id='word_1_68' title='bbox 593 605 786 644; x_wconf 90' lang='lat' dir='ltr'>ueterum</span> <span class='ocrx_word' id='word_1_69' title='bbox 799 603 1042 656; x_wconf 87' lang='lat' dir='ltr'>principum</span> <span class='ocrx_word' id='word_1_70' title='bbox 1056 603 1101 643; x_wconf 91' lang='lat' dir='ltr'>in</span> <span class='ocrx_word' id='word_1_71' title='bbox 1120 617 1223 657; x_wconf 86' lang='lat' dir='ltr'>pace</span> <span class='ocrx_word' id='word_1_72' title='bbox 1239 606 1410 658; x_wconf 89' lang='lat' dir='ltr'>quidem</span> 
     </span>
     <span class='ocr_line' id='line_1_12' title="bbox 61 660 1411 715; baseline 0.003 -14"><span class='ocrx_word' id='word_1_73' title='bbox 61 660 285 702; x_wconf 83' lang='lat' dir='ltr'>lictoribus</span> <span class='ocrx_word' id='word_1_74' title='bbox 317 661 449 702; x_wconf 84' lang='lat' dir='ltr'>fuisse</span> <span class='ocrx_word' id='word_1_75' title='bbox 483 664 717 715; x_wconf 80' lang='lat' dir='ltr'>contentos,</span> <span class='ocrx_word' id='word_1_76' title='bbox 750 661 824 702; x_wconf 94' lang='lat' dir='ltr'>ubi</span> <span class='ocrx_word' id='word_1_77' title='bbox 856 676 957 702; x_wconf 92' lang='lat' dir='ltr'>uero</span> <span class='ocrx_word' id='word_1_78' title='bbox 990 662 1256 715; x_wconf 88' lang='lat' dir='ltr'>proeliorum</span> <span class='ocrx_word' id='word_1_79' title='bbox 1283 664 1411 705; x_wconf 82' lang='lat' dir='ltr'>ar·d01</span> 
     </span>
    </p>

    <p class='ocr_par' dir='ltr' id='par_1_8' title="bbox 9 718 1411 1009">
     <span class='ocr_line' id='line_1_13' title="bbox 9 718 1409 774; baseline 0.003 -15"><span class='ocrx_word' id='word_1_80' title='bbox 9 733 42 759; x_wconf 88' lang='lat'>10</span> <span class='ocrx_word' id='word_1_81' title='bbox 59 718 170 759; x_wconf 88' lang='lat' dir='ltr'>nihil</span> <span class='ocrx_word' id='word_1_82' title='bbox 213 720 380 774; x_wconf 79' lang='lat' dir='ltr'>perpeti</span> <span class='ocrx_word' id='word_1_83' title='bbox 417 722 589 774; x_wconf 88' lang='lat' dir='ltr'>poterat</span> <span class='ocrx_word' id='word_1_84' title='bbox 627 733 774 774; x_wconf 74' lang='lat' dir='ltr'>segne,</span> <span class='ocrx_word' id='word_1_85' title='bbox 820 721 953 761; x_wconf 82' lang='lat' dir='ltr'>alium</span> <span class='ocrx_word' id='word_1_86' title='bbox 992 720 1221 762; x_wconf 83' lang='lat' dir='ltr'>anhelante</span> <span class='ocrx_word' id='word_1_87' title='bbox 1259 722 1409 764; x_wconf 87' lang='lat' dir='ltr'>rabido</span> 
     </span>
     <span class='ocr_line' id='line_1_14' title="bbox 59 777 1411 833; baseline 0.003 -15"><span class='ocrx_word' id='word_1_88' title='bbox 59 777 163 819; x_wconf 89' lang='lat' dir='ltr'>flatu</span> <span class='ocrx_word' id='word_1_89' title='bbox 182 781 408 820; x_wconf 91' lang='lat' dir='ltr'>uentorum</span> <span class='ocrx_word' id='word_1_90' title='bbox 428 779 655 820; x_wconf 85' lang='lat' dir='ltr'>lenunculo</span> <span class='ocrx_word' id='word_1_91' title='bbox 678 794 721 820; x_wconf 91' lang='lat' dir='ltr'>se</span> <span class='ocrx_word' id='word_1_92' title='bbox 743 779 1010 820; x_wconf 87' lang='lat' dir='ltr'>commisisse</span> <span class='ocrx_word' id='word_1_93' title='bbox 1030 780 1250 833; x_wconf 67' lang='lat' dir='ltr'>piscantis7</span> <span class='ocrx_word' id='word_1_94' title='bbox 1277 781 1411 822; x_wconf 86' lang='lat' dir='ltr'>alium</span> 
     </span>
     <span class='ocr_line' id='line_1_15' title="bbox 60 836 1410 893; baseline 0.001 -16"><span class='ocrx_word' id='word_1_95' title='bbox 60 836 113 877; x_wconf 86' lang='lat' dir='ltr'>ad</span> <span class='ocrx_word' id='word_1_96' title='bbox 131 836 362 878; x_wconf 85' lang='lat' dir='ltr'>Deciorum</span> <span class='ocrx_word' id='word_1_97' title='bbox 395 838 591 891; x_wconf 81' lang='lat' dir='ltr'>exempla</span> <span class='ocrx_word' id='word_1_98' title='bbox 610 838 781 879; x_wconf 89' lang='lat' dir='ltr'>uouisse</span> <span class='ocrx_word' id='word_1_99' title='bbox 813 852 891 891; x_wconf 89' lang='lat' dir='ltr'>pro</span> <span class='ocrx_word' id='word_1_100' title='bbox 913 853 957 878; x_wconf 90' lang='lat' dir='ltr'>re</span> <span class='ocrx_word' id='word_1_101' title='bbox 990 838 1164 891; x_wconf 89' lang='lat' dir='ltr'>publica</span> <span class='ocrx_word' id='word_1_102' title='bbox 1197 839 1410 893; x_wconf 80' lang='lat' dir='ltr'>spiritum,</span> 
     </span>
     <span class='ocr_line' id='line_1_16' title="bbox 60 894 1410 950; baseline 0.002 -14"><span class='ocrx_word' id='word_1_103' title='bbox 60 894 192 936; x_wconf 89' lang='lat' dir='ltr'>alium</span> <span class='ocrx_word' id='word_1_104' title='bbox 223 895 403 937; x_wconf 88' lang='lat' dir='ltr'>hostilia</span> <span class='ocrx_word' id='word_1_105' title='bbox 434 899 577 937; x_wconf 88' lang='lat' dir='ltr'>castra</span> <span class='ocrx_word' id='word_1_106' title='bbox 613 911 689 950; x_wconf 89' lang='lat' dir='ltr'>per</span> <span class='ocrx_word' id='word_1_107' title='bbox 721 899 858 937; x_wconf 89' lang='lat' dir='ltr'>semet</span> <span class='ocrx_word' id='word_1_108' title='bbox 896 897 1036 950; x_wconf 88' lang='lat' dir='ltr'>ipsum</span> <span class='ocrx_word' id='word_1_109' title='bbox 1070 910 1165 937; x_wconf 90' lang='lat' dir='ltr'>cum</span> <span class='ocrx_word' id='word_1_110' title='bbox 1196 897 1410 940; x_wconf 83' lang='lat' dir='ltr'>militibus</span> 
     </span>
     <span class='ocr_line' id='line_1_17' title="bbox 59 953 1411 1009; baseline 0.001 -14"><span class='ocrx_word' id='word_1_111' title='bbox 59 953 217 995; x_wconf 85' lang='lat' dir='ltr'>infimis</span> <span class='ocrx_word' id='word_1_112' title='bbox 250 955 506 1009; x_wconf 78' lang='lat' dir='ltr'>explorasse,</span> <span class='ocrx_word' id='word_1_113' title='bbox 539 955 730 996; x_wconf 90' lang='lat' dir='ltr'>diuersos</span> <span class='ocrx_word' id='word_1_114' title='bbox 763 955 944 1008; x_wconf 90' lang='lat' dir='ltr'>denique</span> <span class='ocrx_word' id='word_1_115' title='bbox 972 955 1137 996; x_wconf 86' lang='lat' dir='ltr'>actibus</span> <span class='ocrx_word' id='word_1_116' title='bbox 1158 956 1411 998; x_wconf 81' lang='lat' dir='ltr'>inclaruisse</span> 
     </span>
    </p>

    <p class='ocr_par' dir='ltr' id='par_1_9' title="bbox 7 1013 1411 1113">
     <span class='ocr_line' id='line_1_18' title="bbox 7 1013 1411 1067; baseline 0.003 -15"><span class='ocrx_word' id='word_1_117' title='bbox 7 1026 41 1052; x_wconf 86' lang='lat'>15</span> <span class='ocrx_word' id='word_1_118' title='bbox 60 1013 312 1066; x_wconf 79' lang='lat' dir='ltr'>magnificis,</span> <span class='ocrx_word' id='word_1_119' title='bbox 343 1016 391 1054; x_wconf 91' lang='lat' dir='ltr'>ut</span> <span class='ocrx_word' id='word_1_120' title='bbox 417 1014 580 1067; x_wconf 79' lang='lat' dir='ltr'>glorias</span> <span class='ocrx_word' id='word_1_121' title='bbox 613 1028 710 1055; x_wconf 90' lang='lat' dir='ltr'>suas</span> <span class='ocrx_word' id='word_1_122' title='bbox 744 1014 991 1067; x_wconf 82' lang='lat' dir='ltr'>posteritati</span> <span class='ocrx_word' id='word_1_123' title='bbox 1012 1014 1170 1054; x_wconf 87' lang='lat' dir='ltr'>celebri</span> <span class='ocrx_word' id='word_1_124' title='bbox 1201 1015 1411 1056; x_wconf 86' lang='lat' dir='ltr'>memoria</span> 
     </span>
     <span class='ocr_line' id='line_1_19' title="bbox 61 1072 418 1113; baseline 0.003 -1"><span class='ocrx_word' id='word_1_125' title='bbox 61 1072 418 1113; x_wconf 84' lang='lat' dir='ltr'>commendarent.</span> 
     </span>
    </p>

    <p class='ocr_par' dir='ltr' id='par_1_10' title="bbox 0 1130 1411 1303">
     <span class='ocr_line' id='line_1_20' title="bbox 0 1130 1410 1186; baseline 0.001 -15"><span class='ocrx_word' id='word_1_126' title='bbox 0 1179 1 1186; x_wconf 11' lang='grc' dir='ltr'>ἵ</span> <span class='ocrx_word' id='word_1_127' title='bbox 177 1131 217 1171; x_wconf 77' lang='lat'>4.</span> <span class='ocrx_word' id='word_1_128' title='bbox 248 1130 310 1171; x_wconf 91' lang='lat' dir='ltr'>Vt</span> <span class='ocrx_word' id='word_1_129' title='bbox 329 1131 462 1185; x_wconf 78' lang='lat' dir='ltr'>igitur</span> <span class='ocrx_word' id='word_1_130' title='bbox 482 1131 620 1172; x_wconf 88' lang='lat' dir='ltr'>multa</span> <span class='ocrx_word' id='word_1_131' title='bbox 641 1146 831 1185; x_wconf 86' lang='lat' dir='ltr'>quaeque</span> <span class='ocrx_word' id='word_1_132' title='bbox 853 1134 1107 1184; x_wconf 88' lang='lat' dir='ltr'>consumpta</span> <span class='ocrx_word' id='word_1_133' title='bbox 1133 1135 1232 1173; x_wconf 91' lang='lat' dir='ltr'>sunt</span> <span class='ocrx_word' id='word_1_134' title='bbox 1264 1132 1308 1173; x_wconf 86' lang='lat' dir='ltr'>in</span> <span class='ocrx_word' id='word_1_135' title='bbox 1340 1147 1410 1186; x_wconf 87' lang='lat' dir='ltr'>ap-</span> 
     </span>
     <span class='ocr_line' id='line_1_21' title="bbox 58 1189 1411 1244; baseline 0.001 -14"><span class='ocrx_word' id='word_1_136' title='bbox 58 1192 214 1242; x_wconf 86' lang='lat' dir='ltr'>paratu</span> <span class='ocrx_word' id='word_1_137' title='bbox 229 1222 615 1231; x_wconf 88' lang='grc'><strong>.................</strong></span> <span class='ocrx_word' id='word_1_138' title='bbox 631 1190 814 1230; x_wconf 89' lang='lat' dir='ltr'>secunda</span> <span class='ocrx_word' id='word_1_139' title='bbox 829 1189 955 1230; x_wconf 87' lang='lat' dir='ltr'>Orfiti</span> <span class='ocrx_word' id='word_1_140' title='bbox 970 1190 1253 1244; x_wconf 80' lang='lat' dir='ltr'>praefectura,</span> <span class='ocrx_word' id='word_1_141' title='bbox 1275 1194 1411 1232; x_wconf 87' lang='lat' dir='ltr'>trans-</span> 
     </span>
     <span class='ocr_line' id='line_1_22' title="bbox 60 1247 1409 1303; baseline 0.002 -15"><span class='ocrx_word' id='word_1_142' title='bbox 60 1262 182 1289; x_wconf 89' lang='lat' dir='ltr'>curso</span> <span class='ocrx_word' id='word_1_143' title='bbox 223 1247 439 1301; x_wconf 78' lang='lat' dir='ltr'>Ocriculo7</span> <span class='ocrx_word' id='word_1_144' title='bbox 480 1249 616 1290; x_wconf 90' lang='lat' dir='ltr'>elatus</span> <span class='ocrx_word' id='word_1_145' title='bbox 656 1248 890 1290; x_wconf 87' lang='lat' dir='ltr'>honoribus</span> <span class='ocrx_word' id='word_1_146' title='bbox 930 1249 1098 1302; x_wconf 81' lang='lat' dir='ltr'>magnis</span> <span class='ocrx_word' id='word_1_147' title='bbox 1138 1249 1409 1303; x_wconf 87' lang='lat' dir='ltr'>stipatusque</span> 
     </span>
    </p>

    <p class='ocr_par' dir='ltr' id='par_1_11' title="bbox 6 1307 1412 1595">
     <span class='ocr_line' id='line_1_23' title="bbox 6 1307 1411 1360; baseline 0.001 -14"><span class='ocrx_word' id='word_1_148' title='bbox 6 1320 40 1345; x_wconf 82' lang='lat'>20</span> <span class='ocrx_word' id='word_1_149' title='bbox 60 1307 303 1360; x_wconf 81' lang='lat' dir='ltr'>agminibus</span> <span class='ocrx_word' id='word_1_150' title='bbox 349 1307 627 1348; x_wconf 85' lang='lat' dir='ltr'>formidandis</span> <span class='ocrx_word' id='word_1_151' title='bbox 672 1310 893 1360; x_wconf 87' lang='lat' dir='ltr'>tamquam</span> <span class='ocrx_word' id='word_1_152' title='bbox 939 1307 1028 1347; x_wconf 84' lang='lat' dir='ltr'>acie</span> <span class='ocrx_word' id='word_1_153' title='bbox 1073 1307 1307 1349; x_wconf 86' lang='lat' dir='ltr'>ducebatur</span> <span class='ocrx_word' id='word_1_154' title='bbox 1351 1308 1411 1349; x_wconf 90' lang='grc'><strong>111-</strong></span> 
     </span>
     <span class='ocr_line' id='line_1_24' title="bbox 58 1365 1412 1419; baseline 0.001 -13"><span class='ocrx_word' id='word_1_155' title='bbox 58 1368 234 1418; x_wconf 83' lang='lat' dir='ltr'>structa⁷</span> <span class='ocrx_word' id='word_1_156' title='bbox 267 1366 458 1407; x_wconf 90' lang='lat' dir='ltr'>omnium</span> <span class='ocrx_word' id='word_1_157' title='bbox 490 1366 624 1407; x_wconf 90' lang='lat' dir='ltr'>oculis</span> <span class='ocrx_word' id='word_1_158' title='bbox 658 1365 702 1405; x_wconf 89' lang='lat' dir='ltr'>in</span> <span class='ocrx_word' id='word_1_159' title='bbox 723 1380 770 1406; x_wconf 91' lang='lat' dir='ltr'>eo</span> <span class='ocrx_word' id='word_1_160' title='bbox 805 1366 1001 1406; x_wconf 87' lang='lat' dir='ltr'>contuitu</span> <span class='ocrx_word' id='word_1_161' title='bbox 1032 1366 1243 1419; x_wconf 85' lang='lat' dir='ltr'>pertinaci</span> <span class='ocrx_word' id='word_1_162' title='bbox 1275 1367 1412 1407; x_wconf 88' lang='lat' dir='ltr'>inten-</span> 
     </span>
     <span class='ocr_line' id='line_1_25' title="bbox 57 1423 1412 1478; baseline 0.001 -14"><span class='ocrx_word' id='word_1_163' title='bbox 57 1423 127 1465; x_wconf 88' lang='lat' dir='ltr'>tis.</span> <span class='ocrx_word' id='word_1_164' title='bbox 165 1423 203 1464; x_wconf 79' lang='grc'>5.</span> <span class='ocrx_word' id='word_1_165' title='bbox 236 1438 414 1478; x_wconf 91' lang='lat' dir='ltr'>cumque</span> <span class='ocrx_word' id='word_1_166' title='bbox 447 1425 544 1465; x_wconf 89' lang='lat' dir='ltr'>urbi</span> <span class='ocrx_word' id='word_1_167' title='bbox 574 1425 895 1478; x_wconf 85' lang='lat' dir='ltr'>propinquaret,</span> <span class='ocrx_word' id='word_1_168' title='bbox 928 1428 1099 1466; x_wconf 86' lang='lat' dir='ltr'>senatus</span> <span class='ocrx_word' id='word_1_169' title='bbox 1133 1425 1275 1466; x_wconf 83' lang='lat' dir='ltr'>officia</span> <span class='ocrx_word' id='word_1_170' title='bbox 1295 1439 1412 1466; x_wconf 87' lang='lat' dir='ltr'>reue-</span> 
     </span>
     <span class='ocr_line' id='line_1_26' title="bbox 57 1482 1412 1537; baseline 0.001 -14"><span class='ocrx_word' id='word_1_171' title='bbox 57 1482 294 1537; x_wconf 84' lang='lat' dir='ltr'>rendasque</span> <span class='ocrx_word' id='word_1_172' title='bbox 325 1483 532 1536; x_wconf 89' lang='lat' dir='ltr'>patriciae</span> <span class='ocrx_word' id='word_1_173' title='bbox 565 1483 714 1536; x_wconf 85' lang='lat' dir='ltr'>stirpis</span> <span class='ocrx_word' id='word_1_174' title='bbox 748 1483 912 1536; x_wconf 82' lang='lat' dir='ltr'>effigies</span> <span class='ocrx_word' id='word_1_175' title='bbox 946 1497 1018 1524; x_wconf 87' lang='lat' dir='ltr'>ore</span> <span class='ocrx_word' id='word_1_176' title='bbox 1051 1498 1198 1524; x_wconf 89' lang='lat' dir='ltr'>sereno</span> <span class='ocrx_word' id='word_1_177' title='bbox 1228 1486 1412 1525; x_wconf 87' lang='lat' dir='ltr'>contem-</span> 
     </span>
     <span class='ocr_line' id='line_1_27' title="bbox 58 1540 1411 1595; baseline 0.002 -14"><span class='ocrx_word' id='word_1_178' title='bbox 58 1541 181 1595; x_wconf 90' lang='lat' dir='ltr'>plans</span> <span class='ocrx_word' id='word_1_179' title='bbox 200 1556 288 1582; x_wconf 90' lang='lat' dir='ltr'>non</span> <span class='ocrx_word' id='word_1_180' title='bbox 306 1544 354 1583; x_wconf 90' lang='lat' dir='ltr'>ut</span> <span class='ocrx_word' id='word_1_181' title='bbox 375 1540 527 1583; x_wconf 80' lang='lat' dir='ltr'>Cineas</span> <span class='ocrx_word' id='word_1_182' title='bbox 560 1542 634 1582; x_wconf 88' lang='lat' dir='ltr'>ille</span> <span class='ocrx_word' id='word_1_183' title='bbox 656 1541 782 1595; x_wconf 88' lang='lat' dir='ltr'>Pyrri</span> <span class='ocrx_word' id='word_1_184' title='bbox 814 1542 981 1595; x_wconf 77' lang='lat' dir='ltr'>legatus</span> <span class='ocrx_word' id='word_1_185' title='bbox 1003 1542 1048 1582; x_wconf 91' lang='lat' dir='ltr'>in</span> <span class='ocrx_word' id='word_1_186' title='bbox 1067 1557 1198 1582; x_wconf 71' lang='lat' dir='ltr'>imum</span> <span class='ocrx_word' id='word_1_187' title='bbox 1219 1546 1411 1584; x_wconf 88' lang='lat' dir='ltr'>coactam</span> 
     </span>
    </p>

    <p class='ocr_par' dir='ltr' id='par_1_12' title="bbox 6 1600 1412 1889">
     <span class='ocr_line' id='line_1_28' title="bbox 6 1600 1410 1654; baseline 0.003 -16"><span class='ocrx_word' id='word_1_188' title='bbox 6 1612 40 1638; x_wconf 73' lang='lat'>25</span> <span class='ocrx_word' id='word_1_189' title='bbox 59 1600 379 1641; x_wconf 89' lang='lat' dir='ltr'>multitudinem</span> <span class='ocrx_word' id='word_1_190' title='bbox 416 1614 567 1654; x_wconf 82' lang='lat' dir='ltr'>regum</span> <span class='ocrx_word' id='word_1_191' title='bbox 599 1600 672 1642; x_wconf 87' lang='lat' dir='ltr'>sed</span> <span class='ocrx_word' id='word_1_192' title='bbox 711 1600 878 1654; x_wconf 84' lang='lat' dir='ltr'>asylum</span> <span class='ocrx_word' id='word_1_193' title='bbox 910 1600 1056 1641; x_wconf 90' lang='lat' dir='ltr'>mundi</span> <span class='ocrx_word' id='word_1_194' title='bbox 1095 1601 1229 1642; x_wconf 87' lang='lat' dir='ltr'>totius</span> <span class='ocrx_word' id='word_1_195' title='bbox 1263 1601 1410 1642; x_wconf 82' lang='lat' dir='ltr'>adesse</span> 
     </span>
     <span class='ocr_line' id='line_1_29' title="bbox 60 1658 1411 1713; baseline 0 -13"><span class='ocrx_word' id='word_1_196' title='bbox 60 1658 346 1700; x_wconf 89' lang='lat' dir='ltr'>existimabat.</span> <span class='ocrx_word' id='word_1_197' title='bbox 385 1660 423 1700; x_wconf 87' lang='grc'>6.</span> <span class='ocrx_word' id='word_1_198' title='bbox 454 1659 564 1700; x_wconf 90' lang='lat' dir='ltr'>unde</span> <span class='ocrx_word' id='word_1_199' title='bbox 597 1674 692 1700; x_wconf 82' lang='lat' dir='ltr'>cum</span> <span class='ocrx_word' id='word_1_200' title='bbox 713 1674 757 1700; x_wconf 90' lang='lat' dir='ltr'>se</span> <span class='ocrx_word' id='word_1_201' title='bbox 789 1659 992 1700; x_wconf 88' lang='lat' dir='ltr'>uertisset</span> <span class='ocrx_word' id='word_1_202' title='bbox 1025 1659 1077 1699; x_wconf 85' lang='lat' dir='ltr'>ad</span> <span class='ocrx_word' id='word_1_203' title='bbox 1108 1659 1292 1713; x_wconf 76' lang='lat' dir='ltr'>plebem,</span> <span class='ocrx_word' id='word_1_204' title='bbox 1324 1663 1411 1701; x_wconf 89' lang='lat' dir='ltr'>stu-</span> 
     </span>
     <span class='ocr_line' id='line_1_30' title="bbox 58 1718 1411 1772; baseline 0.001 -14"><span class='ocrx_word' id='word_1_205' title='bbox 58 1718 200 1772; x_wconf 80' lang='lat' dir='ltr'>pebat,</span> <span class='ocrx_word' id='word_1_206' title='bbox 233 1733 316 1772; x_wconf 87' lang='lat' dir='ltr'>qua</span> <span class='ocrx_word' id='word_1_207' title='bbox 343 1718 562 1759; x_wconf 88' lang='lat' dir='ltr'>celeritate</span> <span class='ocrx_word' id='word_1_208' title='bbox 595 1732 720 1759; x_wconf 87' lang='lat' dir='ltr'>omne</span> <span class='ocrx_word' id='word_1_209' title='bbox 754 1718 866 1772; x_wconf 90' lang='lat' dir='ltr'>quod</span> <span class='ocrx_word' id='word_1_210' title='bbox 898 1718 1056 1771; x_wconf 90' lang='lat' dir='ltr'>ubique</span> <span class='ocrx_word' id='word_1_211' title='bbox 1089 1721 1155 1759; x_wconf 91' lang='lat' dir='ltr'>est</span> <span class='ocrx_word' id='word_1_212' title='bbox 1186 1718 1411 1760; x_wconf 84' lang='lat' dir='ltr'>hominum</span> 
     </span>
     <span class='ocr_line' id='line_1_31' title="bbox 59 1776 1410 1831; baseline 0 -14"><span class='ocrx_word' id='word_1_213' title='bbox 59 1789 192 1830; x_wconf 83' lang='lat' dir='ltr'>genus</span> <span class='ocrx_word' id='word_1_214' title='bbox 220 1777 471 1818; x_wconf 76' lang='lat' dir='ltr'>confluxerit</span> <span class='ocrx_word' id='word_1_215' title='bbox 496 1776 692 1818; x_wconf 86' lang='lat' dir='ltr'>Romam.</span> <span class='ocrx_word' id='word_1_216' title='bbox 734 1779 776 1817; x_wconf 91' lang='lat' dir='ltr'>et</span> <span class='ocrx_word' id='word_1_217' title='bbox 807 1780 1030 1831; x_wconf 89' lang='lat' dir='ltr'>tamquam</span> <span class='ocrx_word' id='word_1_218' title='bbox 1050 1777 1319 1830; x_wconf 87' lang='lat' dir='ltr'>Euphratem</span> <span class='ocrx_word' id='word_1_219' title='bbox 1347 1792 1410 1818; x_wconf 90' lang='lat' dir='ltr'>ar-</span> 
     </span>
     <span class='ocr_line' id='line_1_32' title="bbox 59 1835 1412 1889; baseline 0 -13"><span class='ocrx_word' id='word_1_220' title='bbox 59 1849 226 1876; x_wconf 91' lang='lat' dir='ltr'>morum</span> <span class='ocrx_word' id='word_1_221' title='bbox 258 1836 396 1889; x_wconf 84' lang='lat' dir='ltr'>specie</span> <span class='ocrx_word' id='word_1_222' title='bbox 428 1836 657 1877; x_wconf 88' lang='lat' dir='ltr'>territurus</span> <span class='ocrx_word' id='word_1_223' title='bbox 691 1838 765 1876; x_wconf 90' lang='lat' dir='ltr'>aut</span> <span class='ocrx_word' id='word_1_224' title='bbox 783 1835 988 1876; x_wconf 84' lang='lat' dir='ltr'>Rhenum</span> <span class='ocrx_word' id='word_1_225' title='bbox 1007 1835 1259 1876; x_wconf 86' lang='lat' dir='ltr'>altrinsecus</span> <span class='ocrx_word' id='word_1_226' title='bbox 1291 1850 1412 1889; x_wconf 89' lang='lat' dir='ltr'>prae-</span> 
     </span>
    </p>

    <p class='ocr_par' dir='ltr' id='par_1_13' title="bbox 6 1894 1412 2124">
     <span class='ocr_line' id='line_1_33' title="bbox 6 1894 1409 1948; baseline 0.001 -16"><span class='ocrx_word' id='word_1_227' title='bbox 6 1905 41 1932; x_wconf 78' lang='grc'><strong>30</strong></span> <span class='ocrx_word' id='word_1_228' title='bbox 60 1894 258 1936; x_wconf 88' lang='lat' dir='ltr'>euntibus</span> <span class='ocrx_word' id='word_1_229' title='bbox 298 1894 433 1948; x_wconf 82' lang='lat' dir='ltr'>signis</span> <span class='ocrx_word' id='word_1_230' title='bbox 472 1894 687 1935; x_wconf 86' lang='lat' dir='ltr'>insidebat</span> <span class='ocrx_word' id='word_1_231' title='bbox 732 1909 859 1935; x_wconf 90' lang='lat' dir='ltr'>aureo</span> <span class='ocrx_word' id='word_1_232' title='bbox 906 1894 1022 1935; x_wconf 87' lang='lat' dir='ltr'>solus</span> <span class='ocrx_word' id='word_1_233' title='bbox 1067 1894 1159 1947; x_wconf 91' lang='lat' dir='ltr'>ipse</span> <span class='ocrx_word' id='word_1_234' title='bbox 1204 1897 1409 1947; x_wconf 86' lang='lat' dir='ltr'>carpento</span> 
     </span>
     <span class='ocr_line' id='line_1_34' title="bbox 59 1952 1411 2007; baseline 0 -14"><span class='ocrx_word' id='word_1_235' title='bbox 59 1952 245 2007; x_wconf 80' lang='lat' dir='ltr'>fulgenti</span> <span class='ocrx_word' id='word_1_236' title='bbox 283 1953 536 1994; x_wconf 86' lang='lat' dir='ltr'>claritudine</span> <span class='ocrx_word' id='word_1_237' title='bbox 579 1953 771 2006; x_wconf 88' lang='lat' dir='ltr'>lapidum</span> <span class='ocrx_word' id='word_1_238' title='bbox 815 1953 1053 2005; x_wconf 77' lang='lat' dir='ltr'>uariorum,</span> <span class='ocrx_word' id='word_1_239' title='bbox 1099 1966 1180 2006; x_wconf 90' lang='lat' dir='ltr'>quo</span> <span class='ocrx_word' id='word_1_240' title='bbox 1225 1952 1411 1994; x_wconf 88' lang='lat' dir='ltr'>micante</span> 
     </span>
     <span class='ocr_line' id='line_1_35' title="bbox 61 2011 1412 2066; baseline 0 -14"><span class='ocrx_word' id='word_1_241' title='bbox 61 2011 134 2052; x_wconf 83' lang='lat' dir='ltr'>lux</span> <span class='ocrx_word' id='word_1_242' title='bbox 156 2012 363 2066; x_wconf 85' lang='lat' dir='ltr'>quaedam</span> <span class='ocrx_word' id='word_1_243' title='bbox 390 2011 560 2052; x_wconf 88' lang='lat' dir='ltr'>misceri</span> <span class='ocrx_word' id='word_1_244' title='bbox 584 2012 812 2053; x_wconf 89' lang='lat' dir='ltr'>uidebatur</span> <span class='ocrx_word' id='word_1_245' title='bbox 838 2012 1015 2052; x_wconf 86' lang='lat' dir='ltr'>alterna.</span> <span class='ocrx_word' id='word_1_246' title='bbox 1050 2012 1085 2051; x_wconf 81' lang='lat'>7.</span> <span class='ocrx_word' id='word_1_247' title='bbox 1113 2025 1292 2065; x_wconf 88' lang='lat' dir='ltr'>eumque</span> <span class='ocrx_word' id='word_1_248' title='bbox 1310 2014 1412 2064; x_wconf 87' lang='lat' dir='ltr'>post</span> 
     </span>
     <span class='ocr_line' id='line_1_36' title="bbox 61 2069 1409 2124; baseline -0.001 -13"><span class='ocrx_word' id='word_1_249' title='bbox 61 2072 332 2124; x_wconf 83' lang='lat' dir='ltr'>antegressos</span> <span class='ocrx_word' id='word_1_250' title='bbox 364 2070 627 2124; x_wconf 88' lang='lat' dir='ltr'>multiplices</span> <span class='ocrx_word' id='word_1_251' title='bbox 661 2070 768 2111; x_wconf 87' lang='lat' dir='ltr'>alios</span> <span class='ocrx_word' id='word_1_252' title='bbox 806 2071 1031 2123; x_wconf 87' lang='lat' dir='ltr'>purpureis</span> <span class='ocrx_word' id='word_1_253' title='bbox 1065 2069 1409 2123; x_wconf 81' lang='lat' dir='ltr'>subtegminibus</span> 
     </span>
    </p>
   </div>
   <div class='ocr_carea' id='block_1_4' title="bbox 60 2195 1412 2420">
    <p class='ocr_par' dir='ltr' id='par_1_14' title="bbox 60 2195 1411 2286">
     <span class='ocr_line' id='line_1_37' title="bbox 149 2195 1410 2231; baseline -0.002 0"><span class='ocrx_word' id='word_1_254' title='bbox 149 2200 172 2231; x_wconf 87' lang='lat'>4</span> <span class='ocrx_word' id='word_1_255' title='bbox 195 2196 261 2231; x_wconf 77' lang='lat' dir='ltr'>sed</span> <span class='ocrx_word' id='word_1_256' title='bbox 288 2197 321 2231; x_wconf 78' lang='lat' dir='ltr'><em>G</em></span> <span class='ocrx_word' id='word_1_257' title='bbox 352 2197 390 2230; x_wconf 89' lang='lat' dir='ltr'>et</span> <span class='ocrx_word' id='word_1_258' title='bbox 425 2197 539 2230; x_wconf 77' lang='lat' dir='ltr'>VPba</span> <span class='ocrx_word' id='word_1_259' title='bbox 632 2200 673 2230; x_wconf 89' lang='grc'>10</span> <span class='ocrx_word' id='word_1_260' title='bbox 703 2196 904 2230; x_wconf 85' lang='lat' dir='ltr'>anhelante</span> <span class='ocrx_word' id='word_1_261' title='bbox 935 2196 1065 2230; x_wconf 85' lang='lat' dir='ltr'>rabido</span> <span class='ocrx_word' id='word_1_262' title='bbox 1102 2195 1268 2230; x_wconf 75' lang='lat' dir='ltr'>Valeszus</span> <span class='ocrx_word' id='word_1_263' title='bbox 1298 2195 1410 2229; x_wconf 87' lang='lat' dir='ltr'>anhe-</span> 
     </span>
     <span class='ocr_line' id='line_1_38' title="bbox 60 2240 1411 2320; baseline -0.001 -45"><span class='ocrx_word' id='word_1_264' title='bbox 60 2241 183 2320; x_wconf 72' lang='lat' dir='ltr'>llanter</span> <span class='ocrx_word' id='word_1_265' title='bbox 207 2241 318 2275; x_wconf 85' lang='lat' dir='ltr'>auido</span> <span class='ocrx_word' id='word_1_266' title='bbox 349 2241 486 2286; x_wconf 66' lang='lat' dir='ltr'>VPbya</span> <span class='ocrx_word' id='word_1_267' title='bbox 540 2241 611 2275; x_wconf 73' lang='lat'>*12</span> <span class='ocrx_word' id='word_1_268' title='bbox 637 2241 783 2275; x_wconf 76' lang='lat' dir='ltr'>uouisse</span> <span class='ocrx_word' id='word_1_269' title='bbox 808 2251 875 2284; x_wconf 87' lang='lat' dir='ltr'>pro</span> <span class='ocrx_word' id='word_1_270' title='bbox 901 2251 939 2274; x_wconf 85' lang='lat' dir='ltr'>re</span> <span class='ocrx_word' id='word_1_271' title='bbox 966 2241 1032 2284; x_wconf 69' lang='lat' dir='ltr'>bya</span> <span class='ocrx_word' id='word_1_272' title='bbox 1055 2240 1163 2274; x_wconf 89' lang='lat' dir='ltr'>uobis</span> <span class='ocrx_word' id='word_1_273' title='bbox 1190 2250 1312 2274; x_wconf 85' lang='lat' dir='ltr'>errore</span> <span class='ocrx_word' id='word_1_274' title='bbox 1343 2240 1411 2273; x_wconf 77' lang='grc' dir='ltr'>ῘΡ</span> 
     </span>
    </p>

    <p class='ocr_par' dir='ltr' id='par_1_15' title="bbox 153 2284 1409 2330">
     <span class='ocr_line' id='line_1_39' title="bbox 153 2284 1409 2330; baseline -0.001 -11"><span class='ocrx_word' id='word_1_275' title='bbox 153 2285 264 2320; x_wconf 87' lang='lat' dir='ltr'>lorias</span> <span class='ocrx_word' id='word_1_276' title='bbox 293 2286 460 2321; x_wconf 76' lang='lat' dir='ltr'>Valesius</span> <span class='ocrx_word' id='word_1_277' title='bbox 489 2285 670 2328; x_wconf 71' lang='lat' dir='ltr'>gloriosas</span> <span class='ocrx_word' id='word_1_278' title='bbox 706 2285 773 2319; x_wconf 89' lang='lat' dir='ltr'>VP</span> <span class='ocrx_word' id='word_1_279' title='bbox 802 2285 965 2330; x_wconf 76' lang='lat' dir='ltr'>gloriosa</span> <span class='ocrx_word' id='word_1_280' title='bbox 987 2284 1176 2326; x_wconf 73' lang='lat' dir='ltr'>Kiesslina</span> <span class='ocrx_word' id='word_1_281' title='bbox 1271 2288 1311 2319; x_wconf 76' lang='lat'>18</span> <span class='ocrx_word' id='word_1_282' title='bbox 1343 2285 1409 2319; x_wconf 81' lang='lat' dir='ltr'>lac.</span> 
     </span>
    </p>

    <p class='ocr_par' dir='ltr' id='par_1_16' title="bbox 60 2290 1412 2420">
     <span class='ocr_line' id='line_1_40' title="bbox 60 2290 1412 2375; baseline -0.001 -9.947"><span class='ocrx_word' id='word_1_283' title='bbox 60 2290 204 2365; x_wconf 42' lang='lat' dir='ltr'>affin.</span> <span class='ocrx_word' id='word_1_284' title='bbox 234 2330 302 2365; x_wconf 89' lang='lat' dir='ltr'>VP</span> <span class='ocrx_word' id='word_1_285' title='bbox 327 2331 466 2374; x_wconf 58' lang='lat' dir='ltr'>explan</span> <span class='ocrx_word' id='word_1_286' title='bbox 492 2331 559 2375; x_wconf 70' lang='lat' dir='ltr'>hya</span> <span class='ocrx_word' id='word_1_287' title='bbox 650 2334 693 2364; x_wconf 84' lang='lat'>29</span> <span class='ocrx_word' id='word_1_288' title='bbox 718 2312 876 2363; x_wconf 85' lang='lat' dir='ltr'>rhenum</span> <span class='ocrx_word' id='word_1_289' title='bbox 901 2330 936 2363; x_wconf 90' lang='lat' dir='ltr'><em>P</em></span> <span class='ocrx_word' id='word_1_290' title='bbox 960 2329 1118 2364; x_wconf 86' lang='lat' dir='ltr'>hrenum</span> <span class='ocrx_word' id='word_1_291' title='bbox 1148 2329 1183 2364; x_wconf 94' lang='lat' dir='ltr'><em>V</em></span> <span class='ocrx_word' id='word_1_292' title='bbox 1260 2333 1301 2364; x_wconf 76' lang='lat'>32</span> <span class='ocrx_word' id='word_1_293' title='bbox 1326 2331 1412 2373; x_wconf 85' lang='lat' dir='ltr'>post</span> 
     </span>
     <span class='ocr_line' id='line_1_41' title="bbox 61 2374 998 2420; baseline 0 -11"><span class='ocrx_word' id='word_1_294' title='bbox 61 2375 295 2419; x_wconf 81' lang='lat' dir='ltr'>antegressos</span> <span class='ocrx_word' id='word_1_295' title='bbox 324 2375 492 2411; x_wconf 78' lang='lat' dir='ltr'>Valesius</span> <span class='ocrx_word' id='word_1_296' title='bbox 515 2374 602 2420; x_wconf 86' lang='lat' dir='ltr'>post</span> <span class='ocrx_word' id='word_1_297' title='bbox 624 2375 901 2419; x_wconf 79' lang='lat' dir='ltr'>tantaegressos</span> <span class='ocrx_word' id='word_1_298' title='bbox 930 2374 964 2408; x_wconf 84' lang='grc' dir='ltr'>Ῐ</span> <span class='ocrx_word' id='word_1_299' title='bbox 962 2375 998 2409; x_wconf 93' lang='grc' dir='ltr'><em>Ρ</em></span> 
     </span>
    </p>
   </div>
  </div>
 </body>
</html>
