1614 2549
356 75 697 111 CONSTANTIVS
723 75 784 109 ΕΤ
808 75 1040 112 IVLIANVS
1065 82 1131 113 359
1338 81 1418 123 175

67 169 156 210 riae
197 169 518 211 circumcideret
556 170 688 210 etiam
726 185 777 211 ex
817 185 863 212 re
901 171 1075 224 publica
1091 186 1416 226 processuram.

67 228 106 269 3.
121 228 225 270 adeo
246 229 316 269 uel
331 243 427 270 cum
447 228 578 269 exitio
597 229 919 281 prouinciarum
938 230 1237 285 festinabatur,
1255 247 1308 273 ne
1328 233 1415 274 bel—

66 286 223 328 licosus
266 286 397 328 homo
441 287 736 328 memorabilis
781 287 960 330 alicuius
1011 289 1215 331 facinoris
1266 294 1415 333 auctor

65 346 334 387 nuntiaretur
367 348 441 387 aut
473 346 625 387 socius.
668 347 848 400 ideoque
879 346 947 388 his
970 349 1180 390 attonitus
1201 349 1326 391 malis
1348 365 1416 392 ex—

30 417 45 442 5
63 404 307 458 ploratores
346 405 399 445 ad
435 419 514 446 nos
554 419 680 458 saepe
712 405 935 459 mittendo,
973 406 1076 447 licet
1107 408 1162 448 ob
1196 409 1413 451 custodias

65 465 181 504 artas
213 463 358 505 nullus
390 463 517 505 facile
550 463 754 517 oppidum
785 466 958 518 poterat
988 464 1181 519 introire,
1214 470 1257 508 et
1287 468 1414 509 utilia

65 522 269 576 agitando
308 523 530 577 complura
567 522 677 562 nihil
720 522 949 576 proficiens
994 524 1216 566 uisebatur
1253 529 1301 567 ut
1345 527 1413 569 leo

63 581 361 634 magnitudine
401 581 592 635 corporis
632 584 675 621 et
717 582 924 622 toruitate
969 583 1179 625 terribilis
1224 585 1412 627 inclusos

63 640 178 680 intra
214 640 325 680 retia
366 640 531 681 catulos
570 640 761 694 periculo
805 643 999 694 ereptum
1031 641 1093 683 ire
1125 657 1211 684 non
1253 644 1412 685 audens

11 711 43 736 10
65 698 279 752 unguibus
313 699 524 753 ademptis
559 702 601 739 et
633 699 844 740 dentibus.

179 755 222 798 4.
258 758 295 799 1.
327 757 410 799 Sed
441 758 487 798 in
519 758 695 799 ciuitate
727 759 801 799 ubi
834 773 1082 812 sparsorum
1112 775 1189 814 per
1220 761 1314 802 uias
1347 775 1413 802 ca-

62 815 265 857 dauerum
285 817 516 858 multitudo
549 816 755 858 humandi
776 817 919 858 officia
946 822 1178 873 superaret,
1209 820 1411 873 pestilen-

60 874 124 915 tia
167 878 234 916 tot
272 875 399 917 malis
445 876 627 916 accessit
670 876 1010 918 uerminantium
1062 892 1291 931 corporum
1342 879 1411 920 lue

59 933 253 987 tabifica,
291 935 510 988 uaporatis
551 935 741 975 aestibus
780 935 985 988 uarioque
1022 937 1163 990 plebis
1202 936 1410 991 languore

8 1004 40 1030 15
59 991 234 1045 nutrita⁷
255 1007 361 1047 quae
382 1006 540 1047 genera
554 993 802 1034 morborum
816 994 926 1034 unde
941 995 1045 1035 oriri
1060 995 1202 1036 solent
1220 995 1412 1038 breuiter

59 1051 296 1104 explicabo.

175 1111 214 1151 2.
245 1109 530 1152 Nimietatem
563 1110 738 1165 frigoris
771 1114 846 1152 aut
866 1112 1021 1153 caloris
1055 1113 1123 1153 uel
1158 1114 1318 1154 umoris
1339 1114 1409 1155 uel

58 1168 265 1210 siccitatis
303 1169 576 1223 pestilentias
618 1169 797 1223 gignere
841 1170 1091 1224 philosophi
1130 1174 1172 1212 et
1215 1172 1408 1214 illustres

58 1227 211 1268 medici
242 1229 522 1270 tradiderrmt.
573 1228 682 1269 unde
704 1229 944 1270 accolentes
978 1230 1074 1271 loca
1105 1231 1319 1284 palustria
1339 1232 1408 1273 uel

2 1298 37 1324 20
57 1285 258 1328 humecta
288 1290 429 1328 tusses
463 1291 505 1328 et
537 1287 729 1328 oculares
763 1302 884 1329 casus
914 1292 956 1330 et
989 1289 1151 1330 similia
1174 1290 1409 1344 perferunt,

57 1348 208 1386 contra
227 1346 414 1387 confines
436 1346 652 1387 caloribus
685 1348 834 1400 tepore
866 1347 1052 1388 febrium
1085 1351 1295 1389 arescunt.
1335 1350 1408 1391 sed

58 1407 218 1458 quanto
260 1405 374 1459 ignis
408 1406 610 1446 materies
644 1405 796 1446 ceteris
836 1408 901 1447 est
940 1406 1165 1461 efficacior,
1196 1410 1321 1448 tanto
1354 1409 1408 1450 ad

55 1463 349 1516 perimendum
383 1464 561 1505 celerior
595 1464 779 1505 siccitas.
841 1465 879 1506 3.
912 1465 1011 1506 hinc
1051 1480 1146 1507 cum
1183 1466 1407 1508 decennali

19 1531 22 1533 ’
55 1521 171 1563 bello
209 1521 390 1565 Graecia
428 1523 655 1564 desudaret
692 1538 744 1563 ne
782 1524 1036 1578 peregrinus
1075 1539 1235 1578 poenas
1275 1525 1408 1567 disso-

1 1594 35 1618 25
56 1580 158 1622 ciati
196 1582 356 1636 regalis
395 1582 660 1624 matrimonii
692 1583 945 1636 lucraretur,
982 1583 1108 1625 huius
1141 1584 1257 1625 modi
1290 1598 1407 1638 gras-

56 1642 178 1681 sante
216 1641 404 1694 pernicie
441 1641 541 1682 telis
580 1641 801 1695 Apollinis
845 1642 1010 1696 periere
1049 1643 1288 1698 conplures,
1333 1645 1407 1698 qui

55 1698 120 1739 sol
154 1699 419 1741 aestimatur.
480 1701 520 1741 4.
553 1703 681 1754 atque
714 1703 761 1741 ut
793 1700 1063 1755 Thucydides
1097 1702 1284 1756 exponit,
1323 1703 1407 1744 cla—

54 1757 126 1798 des
159 1758 248 1813 illa,
281 1773 387 1813 quae
420 1759 465 1800 in
495 1759 854 1813 Peloponnesiaci
887 1760 993 1801 belli
1017 1761 1240 1814 principiis
1273 1761 1405 1803 Athe-

52 1816 223 1857 nienses
245 1818 398 1859 acerbo
432 1831 588 1872 genere
610 1818 750 1859 morbi
771 1819 958 1872 uexauit,
990 1819 1044 1860 ab
1065 1834 1199 1873 usque
1220 1820 1405 1861 feruenti

1 1888 34 1914 30
53 1874 314 1929 Aethiopiae
353 1877 486 1931 plaga
523 1877 734 1931 paulatim
771 1891 1028 1932 proserpens
1061 1877 1254 1919 Atticam
1287 1893 1406 1920 occu-

52 1934 185 1987 pauit.
230 1934 268 1976 5.
302 1935 399 1976 aliis
431 1935 575 1989 placet
608 1950 746 1989 auras,
778 1938 826 1976 ut
858 1937 1012 1990 solent,
1045 1951 1260 1990 aquasque
1280 1938 1405 1979 uitia-

52 1995 119 2033 tas
159 1993 321 2034 faetore
361 1994 614 2036 cadauerum
653 1995 722 2035 uel
762 1995 974 2036 similibus
1015 1994 1284 2037 salubritatis
1317 1997 1404 2038 uio-

145 2116 185 2147 11
212 2114 277 2148 sed
314 2113 382 2149 VG·
412 2125 477 2152 om.
509 2116 591 2150 Pba
683 2119 726 2149 20
756 2116 967 2150 umectatus
1000 2125 1079 2149 sese
1117 2115 1299 2151 ioculares
1337 2116 1404 2152 VP

51 2157 229 2192 humecta
252 2159 372 2194 tusses
396 2160 579 2194 ioculares
606 2160 640 2194 G
699 2160 913 2194 *nsimilia
942 2160 976 2194 V
1026 2164 1066 2194 21
1093 2161 1223 2204 tepore
1251 2161 1285 2196 G
1309 2162 1403 2196 tem—

52 2212 142 2246 pore
183 2202 298 2238 VPba
390 2206 564 2240 arescunt
598 2205 632 2240 G
661 2206 873 2240 arescentes
908 2205 1022 2240 VPba
1114 2209 1157 2239 ‘22
1199 2207 1256 2240 est
1293 2207 1328 2240 A
1365 2208 1404 2242 et

57 2280 145 2315 VPr
168 2291 235 2316 om.
263 2283 306 2327 by
374 2287 417 2317 27
443 2283 498 2317 sol
523 2284 590 2328 hya
616 2284 694 2318 sola
724 2283 811 2318 VPr
886 2288 929 2318 29
961 2259 1098 2318 ferelnti
1127 2283 1161 2317 V
1181 2283 1341 2318 feruenti
1366 2286 1402 2318 A

502 2336 515 2353 s

52 2368 117 2394 om.
151 2360 230 2403 Pby
330 2365 368 2395 31
405 2372 502 2405 aqua
554 2361 585 2394 V
609 2372 729 2405 aquae
757 2362 789 2395 G
815 2372 912 2405 aqua
938 2363 1002 2396 rba
