1614 2549
373 64 712 102 CONSTANTIVS
736 65 797 100 ET
822 64 1053 100 IVLIANVS
1077 67 1142 100 356
1373 65 1423 107 83

80 161 259 216 reperiri
302 161 461 217 potuit,
501 159 759 201 exhausisse.
833 162 876 201 et
912 159 1017 201 haec
1055 158 1226 213 quidem
1268 158 1416 212 pudici

81 221 167 262 tiae
199 219 493 272 uirtutumque
525 221 625 259 sunt
657 218 783 272 signa
811 220 1034 259 nocturna,

198 278 236 319 9.
256 277 419 318 Diebus
439 290 540 318 uero
563 291 669 331 quae
690 279 840 318 ornate
861 277 1016 318 dixerit
1036 279 1078 318 et
1097 276 1246 330 facete,
1267 288 1428 330 quaeue

80 338 124 378 in
145 339 353 390 apparatu
372 336 442 377 uel
473 336 519 376 in
537 335 642 389 ipsis
664 335 802 389 egerit
822 335 1119 389 congressibus
1151 334 1427 390 proeliorum,

45 411 61 436 5
82 398 156 437 aut
186 396 231 436 in
250 409 295 435 re
317 394 435 435 ciuili
455 394 810 448 magnanimitate
831 394 1065 434 correxerit
1086 397 1128 435 et
1154 393 1429 446 liberalitate,

30 493 36 500 ,
81 468 156 495 suo
189 468 378 508 quaeque
410 453 505 494 loco
538 452 955 493 demonstrabuntur.
1009 452 1075 493 10.
1108 467 1201 493 cum
1235 465 1428 493 exercere

79 512 278 566 proludia
317 511 567 566 disciplinae
608 511 835 552 castrensis
880 510 1162 564 philosophus
1202 512 1428 564 cogeretur

79 573 127 611 ut
158 571 382 624 princeps&
415 572 634 623 artemque
667 569 928 610 modulatius
966 569 1188 610 incedendi
1226 583 1302 622 per
1333 583 1430 623 pyr-

79 629 245 669 richam
277 629 597 669 concinentibus
631 628 814 669 disceret
845 627 1016 682 fistulis,
1047 630 1169 669 uetus
1197 627 1304 668 illud
1335 641 1430 681 pro-

27 703 60 727 10
80 687 275 728 uerbium
307 687 513 728 ‘clitellae
546 687 651 727 boui
683 689 783 727 sunt
819 686 1050 740 inpositae:
1087 687 1216 740 plane
1247 700 1333 727 11011
1365 689 1430 727 est

78 749 275 787 nostrum
307 746 430 786 onus⁷
462 745 690 786 Platonem
722 745 870 786 crebro
892 745 1117 786 nominans
1151 744 1430 786 exclamabat.

82 805 148 846 11.
180 804 363 845 inductis
386 804 568 858 quadam
589 804 879 845 sollemnitate
900 804 1128 858 agentibus
1148 804 1194 845 in
1224 804 1351 845 rebus
1385 803 1431 844 in

81 863 381 904 consistorium
413 866 461 904 ut
493 878 642 903 aurum
675 863 937 916 acciperent,
970 863 1082 903 inter
1115 863 1222 903 alios
1256 862 1430 916 quidam

81 936 130 962 ex
163 936 308 962 eorum
341 922 570 975 consortio,
601 936 688 961 non
719 924 767 962 ut
798 921 930 962 moris
952 924 1017 962 est
1048 936 1182 974 pansa
1202 920 1426 974 chlamyde

28 995 60 1019 15
80 980 151 1021 sed
184 983 364 1034 utraque
397 995 525 1021 manu
557 982 709 1021 cauata
741 980 940 1033 suscepit.
1003 983 1045 1021 et
1076 980 1313 1033 imperator
1345 979 1427 1020 ‘ra-

78 1040 193 1092 pere‘
232 1039 373 1093 inquit
410 1039 513 1080 ‘non
551 1039 740 1092 accipere
784 1038 925 1079 sciunt
967 1041 1143 1092 agentes
1187 1039 1232 1079 in
1269 1038 1429 1079 rebus'.

82 1098 147 1138 12.
173 1098 313 1138 aditus
330 1113 354 1138 a
372 1098 622 1151 parentibus
642 1097 824 1150 uirginis
845 1099 1006 1151 raptae,
1034 1112 1128 1138 eum
1150 1098 1223 1152 qui
1241 1096 1430 1138 uiolarat

80 1157 322 1197 conuictum
354 1156 539 1210 relegari
571 1156 770 1197 decreuit.
813 1155 966 1209 hisque
998 1156 1174 1210 indigna
1207 1156 1299 1210 pati
1332 1169 1429 1210 que-

80 1215 294 1269 rentibus,
333 1216 445 1269 quod
481 1229 569 1255 non
606 1215 662 1255 sit
700 1216 837 1255 morte
876 1214 1102 1268 multatus,
1147 1215 1428 1268 responderat

26 1287 60 1312 20
79 1273 284 1315 hactenus
318 1273 531 1315 ‘incusent
563 1274 656 1314 iura
688 1273 977 1327 clementiam,
1019 1273 1092 1314 sed
1124 1274 1429 1326 imperatorem

79 1332 298 1373 mitissimi
314 1332 447 1373 animi
461 1332 629 1386 legibus
643 1334 862 1385 praestare
879 1332 1037 1372 seueris
1053 1332 1195 1373 decet'.
1214 1332 1430 1386 13.egres-

79 1405 223 1431 surum
256 1405 351 1431 eum
384 1391 436 1431 ad
474 1390 788 1444 expeditionem
825 1390 969 1443 plures
1008 1390 1349 1444 interpellabant
1380 1393 1428 1431 ut

78 1449 201 1502 laesi,
246 1463 351 1503 quos
397 1449 628 1490 audiendos
672 1449 993 1502 prouinciarum
1037 1449 1276 1490 rectoribus
1320 1463 1430 1490 com-

78 1508 325 1548 mendabat:
359 1510 401 1549 et
432 1523 647 1561 reuersus,
680 1507 781 1561 quid
813 1508 983 1561 egerint
1015 1508 1177 1561 singuli
1210 1521 1430 1562 quaerens,

26 1580 60 1605 25
81 1566 335 1607 delictorum
349 1567 561 1608 uindictas
578 1567 764 1620 genuina
778 1566 1014 1607 lenitudine
1030 1567 1273 1620 mitigabat.
1297 1567 1362 1607 14.
1378 1566 1431 1607 ad

79 1625 279 1666 ultimum
318 1625 505 1679 exceptis
543 1625 755 1677 uictoriis,
794 1639 869 1678 per
903 1640 1005 1679 quas
1043 1628 1263 1666 uastantes
1303 1639 1429 1678 saepe

78 1684 281 1725 incolumi
325 1684 594 1725 contumacia
633 1683 842 1724 barbaros
887 1684 1015 1737 fudit,
1061 1683 1172 1738 quod
1216 1683 1431 1738 profuerit

79 1743 382 1784 anhelantibus
430 1746 621 1784 extrema
666 1742 847 1796 penuria
890 1742 1046 1797 Gallis,
1097 1743 1196 1783 hinc
1246 1742 1429 1783 maxime

80 1801 231 1855 claret,
265 1801 377 1855 quod
408 1802 608 1855 primitus
640 1804 784 1854 partes
818 1815 887 1842 eas
920 1802 1140 1856 ingressus
1173 1816 1249 1855 pro
1284 1800 1431 1854 capiti-

25 1873 59 1898 30
79 1861 158 1901 bus
205 1860 388 1914 singulis
432 1860 588 1901 tributi
636 1860 810 1900 nomine
856 1860 1028 1902 uicenos
1075 1860 1227 1914 quinos
1279 1873 1428 1900 aureos

79 1919 268 1972 repperit
299 1919 501 1972 flagitari,
534 1918 751 1959 discedens
784 1933 887 1960 uero
921 1921 1119 1972 septenos
1152 1922 1323 1960 tantum
1342 1932 1431 1958 mu-

172 2078 191 2108 5
217 2074 421 2109 correxerit
443 2074 622 2120 Eyssenh.
660 2074 821 2108 correxit
845 2074 947 2109 codd.
1040 2074 1268 2109 liberalitate
1292 2073 1421 2117 scripsi

78 2119 254 2154 libertate
280 2119 383 2154 codd.
455 2122 475 2153 8
500 2119 695 2164 pyricham
724 2118 758 2152 V
779 2119 966 2162 pyri-icam
990 2120 1026 2154 P
1079 2123 1098 2154 9
1125 2121 1234 2154 uetus
1260 2118 1294 2153 G
1317 2119 1418 2152 uelut

85 2164 152 2199 VP
199 2168 241 2199 10
261 2163 389 2198 010.αά
412 2164 526 2198 Attio.
557 2164 648 2198 V15
696 2167 737 2197 12
761 2163 923 2198 inductis
950 2164 983 2198 G
1008 2164 1162 2198 inducet
1186 2167 1225 2199 et
1249 2165 1326 2198 eius
1356 2163 1426 2197 VP

80 2208 237 2243 sollenni
263 2209 341 2253 [Iac.
358 2212 380 2243 7
397 2209 480 2253 litt]
506 2208 704 2254 agentibus
731 2208 763 2242 G
787 2209 957 2243 sollemni
978 2209 1096 2254 [lacff
1112 2209 1196 2254 litu]
1220 2219 1333 2254 agens
1354 2207 1426 2244 VP

82 2257 122 2288 17
147 2253 295 2287 auditus
324 2253 359 2287 V
423 2257 464 2287 21
491 2253 630 2288 seueris
653 2252 892 2289 Kellerbauer
915 2254 1048 2288 ceteris
1072 2254 1175 2288 codd.
1243 2258 1286 2289 22
1310 2253 1425 2290 inter-

79 2298 274 2342 pellabant
313 2298 346 2331 G
383 2298 628 2342 interpellant
662 2297 775 2332 VPba
866 2302 908 2332 26
940 2309 1033 2342 quas
1070 2299 1259 2334 uastantes
1296 2301 1429 2345 scripsi

82 2354 173 2386 quas
199 2342 372 2377 cadentes
398 2343 500 2378 codd.
579 2347 622 2378 29
648 2343 832 2387 capitibus
856 2344 890 2378 A
916 2343 1088 2388 capitulis
1117 2343 1228 2387 VPby

1168 2405 1187 2435 (3
1196 2401 1214 2420 ²st
