1614 2549
398 134 735 170 CONSTANTIVS
760 135 821 169 ET
845 135 1075 171 IVLIANVS
1101 139 1165 171 358
1369 136 1449 178 133

103 229 250 271 audire
287 228 393 270 haec
430 229 621 283 taliaque
659 229 882 284 gestienti,
920 231 1104 272 uirtutes
1145 231 1236 272 eius
1269 231 1449 273 obruere

101 287 244 329 uerbis
276 287 584 341 inpudentibus
607 289 874 330 conabantur
905 292 954 330 ut
986 303 1161 344 segnem
1187 289 1448 332 incessentes

102 349 146 387 et
176 345 378 387 timidum
410 349 453 387 et
483 347 760 388 umbratilem
793 350 1000 401 gestaque
1027 363 1148 390 secus
1174 348 1318 390 uerbis
1339 363 1450 390 com—

99 404 315 458 ptioribus
349 408 645 446 exornantem:
678 406 791 460 quod
820 420 908 446 non
939 410 1041 447 tunc
1060 407 1263 460 primitus
1284 408 1450 449 accidit.

0 475 4 479 '
71 481 87 507 5
107 463 146 504 2.
177 478 365 517 namque
396 466 445 505 ut
478 464 590 505 solet
610 464 881 518 amplissima
909 479 1101 519 quaeque
1123 465 1264 519 gloria
1281 465 1451 508 obiecta

102 535 193 563 esse
215 536 381 576 semper
402 522 601 575 inuidiae,
634 522 818 576 legimus
839 523 884 563 in
903 527 1070 565 ueteres
1092 538 1260 578 quoque
1286 525 1451 579 magni-

100 580 203 621 ficos
236 580 362 622 duces
407 581 517 622 uitia
561 581 836 636 criminaque,
883 582 1014 623 etiam
1058 583 1096 623 si
1138 582 1325 624 inueniri
1364 597 1453 625 non

99 641 319 693 poterant,
356 639 531 681 finxisse
567 640 887 694 malignitatem
921 641 1248 694 spectatissimis
1282 642 1450 683 actibus

101 712 248 739 eorum
281 698 498 740 offensam.
561 699 599 739 3.
640 702 689 740 ut
721 698 945 741 Cimonem
976 699 1188 741 Miltiadis
1219 699 1358 741 filium
1390 700 1452 741 in-

47 777 80 801 10
101 756 353 798 simulatum
387 789 562 798 ........
596 772 720 811 saepe
753 760 852 800 ante
885 761 928 800 et
964 773 1096 812 prope
1127 758 1453 813 Eurymedonta

99 814 407 870 Pamphylium
446 817 606 857 flumen
636 816 867 858 Persarum
899 817 1107 871 populum
1140 817 1301 858 deleuit
1332 818 1452 858 innu-

100 888 267 915 merum
313 875 539 929 coegitque
584 878 757 930 gentem
802 875 1036 916 insolentia
1081 890 1248 930 semper
1292 876 1451 917 elatam

101 932 325 974 obsecrare
359 934 612 988 suppliciter
648 949 816 988 pacem:
854 933 1151 975 Aemilianum
1182 934 1334 975 itidem
1367 933 1452 976 Sci-

99 992 272 1045 pionem
316 995 365 1033 ut
410 993 747 1035 somniculosum
793 994 1060 1034 aemulorum
1105 993 1294 1034 incusari
1331 993 1453 1034 mali-

46 1068 80 1094 15
99 1049 304 1104 uolentia,
337 1051 456 1092 cuius
488 1051 739 1105 inpetrabili
769 1052 1001 1105 uigilantia
1021 1052 1265 1093 obstinatae
1297 1052 1340 1092 in
1362 1066 1454 1106 per-

97 1108 255 1149 niciem
285 1108 450 1150 Romae
483 1110 590 1151 duae
624 1113 724 1151 sunt
754 1111 1083 1164 potentissimae
1114 1111 1242 1151 urbes
1276 1110 1454 1151 excisae,

99 1167 139 1207 4.
153 1182 231 1208 nec
244 1182 334 1208 non
348 1168 477 1210 etiam
499 1169 544 1210 in
557 1168 813 1222 Pompeium
834 1169 1147 1210 obtrectatores
1162 1169 1300 1223 iniqui
1313 1169 1453 1209 multa

101 1228 344 1267 scrutantes
360 1241 456 1267 cum
470 1227 581 1268 nihil
600 1228 711 1268 unde
726 1228 966 1281 uituperari
980 1227 1154 1268 deberet
1173 1227 1453 1280 inueniretur,

101 1283 183 1325 duo
205 1284 311 1325 haec
332 1285 617 1326 obseruarunt
638 1286 876 1327 ludibriosa
896 1289 939 1327 et
959 1286 1110 1327 inrita:
1132 1286 1245 1340 quod
1265 1286 1451 1339 genuino

48 1362 82 1388 20
104 1342 289 1396 quodam
334 1358 453 1384 more
493 1347 621 1397 caput-
665 1345 803 1398 digito
842 1359 926 1386 uno
972 1345 1210 1398 scalpebat,
1255 1344 1453 1398 quodque

103 1401 353 1455 aliquandiu
384 1403 559 1456 tegendi
591 1402 748 1444 ulceris
783 1417 911 1444 causa
932 1403 1134 1444 deformis
1157 1403 1339 1444 fasciola
1359 1417 1454 1444 can·

101 1459 201 1500 dida
233 1474 328 1501 crus
362 1461 620 1515 colligabat:
653 1476 836 1516 quorum
857 1462 1042 1503 alterum
1073 1461 1272 1503 factitare
1304 1463 1353 1502 ut
1373 1461 1454 1502 dis-

102 1517 305 1572 solutum,
338 1519 524 1561 alterum
556 1523 605 1561 ut
635 1534 848 1561 nouarum
880 1535 1025 1562 rerum
1057 1520 1258 1574 cupidum
1291 1520 1455 1561 adsere-

100 1577 225 1618 bant:
256 1578 368 1618 nihil
400 1578 608 1620 interesse
641 1579 908 1620 oblatrantes
937 1582 1192 1633 argumento
1214 1578 1453 1633 subfrigido

48 1648 82 1674 25
103 1649 232 1689 quam
263 1639 433 1689 partem
466 1638 656 1691 corporis
688 1637 912 1679 redimiret
941 1638 1088 1692 regiae
1120 1637 1361 1679 maiestatis
1394 1637 1455 1677 in-

103 1694 234 1748 signi:
276 1710 372 1736 eum
411 1695 566 1749 uirum,
600 1710 683 1750 quo
722 1710 799 1737 nec
830 1697 986 1737 fortior
1022 1711 1099 1737 nec
1138 1697 1304 1737 cautior
1343 1696 1455 1750 quis-

102 1767 232 1806 quam
262 1754 429 1807 patriae
461 1754 563 1808 fuit,
602 1758 650 1796 ut
682 1755 938 1796 documenta
974 1755 1197 1808 praeclara
1227 1757 1454 1796 testantur.

220 1811 259 1853 5.
297 1811 413 1854 Dum
451 1813 555 1855 haec
590 1813 653 1854 ita
685 1816 891 1868 aguntur,
930 1813 1094 1854 Romae
1131 1813 1354 1854 Artemius
1388 1827 1455 1853 cu-

101 1884 200 1911 rans
233 1870 440 1912 uicariam
472 1872 788 1925 praefecturam
819 1887 895 1926 pro
916 1872 1052 1913 Basso
1085 1887 1253 1926 quoque
1287 1872 1456 1925 agebat,

49 1943 83 1968 30
104 1929 177 1982 qui
209 1943 354 1970 recens
386 1934 611 1984 promotus
644 1931 742 1972 urbi
778 1930 1020 1984 praefectus
1052 1931 1179 1972 fatali
1216 1931 1456 1971 decesserat

103 1990 232 2028 sorte.
265 1988 384 2029 cuius
418 1989 737 2030 administratio
771 1989 1002 2031 seditiones
1033 2003 1239 2044 perpessa
1269 1991 1336 2030 est
1367 1991 1455 2029 tur-

193 2193 212 2224 6
238 2202 387 2235 quoque
417 2192 522 2227 VAP
545 2193 754 2235 naturaque
780 2192 823 2236 bf]
893 2196 934 2226 10
959 2193 1024 2226 Iac.
1041 2192 1214 2226 indicaui
1237 2191 1323 2234 fort.
1340 2191 1455 2226 unius

102 2235 280 2270 uersiculi
307 2239 456 2275 (40—45
489 2237 575 2279 litt.)
607 2236 920 2280 intemperantiae
954 2237 1017 2281 qui
1050 2237 1181 2281 uulyo;
1214 2246 1324 2280 saepe
1366 2236 1452 2269 ante

104 2280 143 2313 et
174 2279 242 2314 VP
267 2291 378 2326 saepe
412 2282 499 2316 ante
532 2282 596 2325 qui
627 2282 694 2326 bya
787 2285 828 2314 12
853 2292 932 2315 sem
964 2281 1123 2316 relatam
1151 2281 1220 2315 VP
1250 2280 1348 2325 regis
1380 2280 1454 2314 ela-

102 2324 180 2358 tam
205 2325 273 2370 bya
333 2329 401 2360 *16
426 2327 513 2360 sunt
535 2329 715 2369 transpos.
740 2325 917 2371 Eyssenh.
980 2330 1022 2359 22
1040 2325 1246 2371 colligabat
1270 2325 1387 2370 [—rat
1403 2325 1451 2369 A]

106 2367 177 2402 GA
207 2370 422 2406 collibatam
451 2370 486 2404 V
507 2370 724 2415 colligatum
749 2371 786 2405 P
832 2375 874 2405 26
899 2381 969 2405 nec
983 2371 1128 2405 cautior
1150 2371 1255 2416 Pbya
1279 2370 1453 2404 necanta-

103 2413 257 2458 <u>tior
276 2415 312 2449 V
330 2426 400 2450 nec
425 2416 610 2450 amantior
633 2415 767 2459 Haupt
851 2419 894 2450 28
918 2415 1060 2450 Romae
1089 2415 1159 2450 ΘΑ
1182 2425 1334 2459 promae
1365 2413 1457 2448 VPb
