1573 2508
988 0 1017 6 'ff
1081 0 1087 6 ·
1187 0 1191 2 ·
1242 0 1258 3 v·
1304 0 1378 14 ι
1418 0 1492 22 taff

127 47 184 90 84
609 41 697 78 XVI
720 46 752 86 5,
781 46 822 78 15
844 61 888 69 -
913 45 944 85 τ,
970 45 991 78 5

129 155 233 183 nera
274 139 474 181 uniuersa
517 138 785 193 conplentes:
829 137 884 179 ob
927 151 1033 192 quae
1077 139 1298 191 tamquam
1340 136 1476 179 solem
1523 110 1553 181 ‚ig

131 199 215 242 sibi
247 212 444 239 serenum
482 200 581 251 post
617 196 861 251 squalentes
894 196 1091 237 tenebras
1124 195 1349 238 adfulsisse
1381 209 1476 237 cum

131 257 356 300 alacritate
377 259 421 298 et
450 255 652 310 tripudiis
673 254 957 297 laetabantur.
998 254 1062 296 15.
1094 254 1274 308 denique
1305 253 1348 295 id
1380 268 1476 296 euni

132 317 185 359 ad
216 329 348 369 usque
380 314 550 368 imperii
581 314 711 354 finem
739 316 782 354 et
812 313 929 355 uitae
960 313 1116 354 scimus
1149 312 1314 354 utiliter
1334 313 1478 354 obser·
1531 346 1537 357 ,

130 389 273 428 1111556,
312 388 364 414 116
396 388 471 428 per
502 372 794 427 indulgentias
827 386 931 426 quas
965 371 1186 425 appellant
1223 371 1477 413 tributariae
1496 384 1530 409 5v

131 434 192 474 rei
230 431 479 474 concederet
515 431 693 486 reliqua.
753 435 881 472 norat
913 431 1027 471 6111111
1063 429 1143 471 1106
1178 429 1292 471 facto
1325 444 1369 471 se
1402 429 1477 472 ali·
1536 477 1538 481 .

132 491 233 546 quid
264 490 551 545 locupletibus
585 489 839 543 additurum,
871 504 966 530 cum
998 491 1165 530 constet
1191 488 1348 543 ubique
1379 503 1479 542 pau·
1538 483 1555 544 3

130 564 253 604 peres
291 549 404 591 inter
441 549 534 603 ipsa
573 548 831 590 indictorum
872 547 1046 589 exordia
1078 547 1245 589 soluere
1276 547 1479 590 tmiuersa
1549 546 1553 555 ¹

132 609 224 650 51116
255 608 501 650 laxamento
535 607 732 661 conpelli.
770 639 773 644 ,

253 667 318 708 16.
331 666 450 708 Inter
463 665 540 707 has
556 669 701 707 tamen
714 664 888 719 regendi
904 664 1234 718 moderandique
1245 664 1338 706 uias
1352 663 1478 706 bonis
1499 677 1532 703 ιο

135 725 400 791 principibus
434 724 709 766 aemulandas
750 723 977 765 barbarica
1006 724 1148 765 rabies
1187 725 1405 764 exarserat
1434 723 1482 764 in

134 784 284 826 maius.
338 784 402 824 17.
433 786 564 837 utque
596 783 760 824 bestiae
793 782 1017 823 custodum
1047 781 1324 836 neglegentia
1353 783 1481 835 raptu

133 843 277 885 uiuere
310 842 464 883 solitae
496 856 548 882 ne
579 841 646 882 his
668 841 838 896 quidem
870 841 1046 882 remotis
1075 840 1366 894 adpositisque
1397 836 1481 881 for-

134 901 318 943 tioribus
351 901 666 952 abscesserunt,
705 900 777 941 sed
809 903 1093 940 tumescentes
1126 898 1269 940 inedia
1298 898 1388 939 sine
1420 912 1482 939 re-

135 963 283 1014 spectu
315 959 467 1001 salutis
501 962 695 1000 armenta
726 959 794 999 vel
827 971 978 1012 greges
1005 958 1236 1011 incursant,
1268 957 1331 998 ita
1350 956 1482 998 etiam
1502 969 1534 996 15

135 1019 202 1060 illi
240 1018 403 1059 cunctis
442 1032 550 1072 quae
589 1018 800 1071 diripuere
844 1017 1107 1070 consumptis
1146 1016 1256 1057 fame
1302 1018 1481 1069 urgente

137 1077 325 1131 agebant
357 1076 616 1130 aliquotiens
648 1076 846 1129 praedas·
879 1075 1094 1116 interdum
1127 1078 1356 1129 antequam
1387 1088 1483 1115 con·

135 1136 354 1190 tingerent
387 1135 570 1189 aliquid,
603 1135 876 1199 oppetebant.

255 1193 358 1236 6.1.
391 1193 509 1234 Haec
541 1208 616 1247 per
647 1208 743 1234 eum
764 1207 931 1234 annum
963 1207 1036 1246 spe
1069 1191 1210 1246 (lubia,
1242 1193 1397 1233 euentu
1422 1193 1483 1232 ta-

135 1267 233 1294 men
259 1252 441 1294 secundo
474 1266 549 1305 per
570 1252 734 1293 Gallias
769 1252 1020 1306 agebantur.
1065 1251 1110 1292 in
1141 1249 1349 1292 comitatu
1380 1262 1482 1291 uero
1503 1263 1538 1289 πο

135 1311 324 1365 Augusti
345 1311 697 1352 circumlatrabat
710 1309 993 1351 Arbetionem
1008 1309 1171 1351 inuidia
1184 1308 1304 1350 uelut
1318 1321 1485 1349 summa

136 1384 234 1411 mox
255 1369 507 1423 adepturum
528 1369 686 1413 decora
700 1369 839 1410 cultus
861 1368 1129 1422 imperatorii
1162 1366 1485 1422 praestruxisse,

136 1429 410 1482 instabatque
461 1429 499 1469 ei
550 1431 743 1481 strepens
789 1427 979 1469 inmania
1032 1441 1171 1468 comes
1222 1425 1483 1467 Verissimus

136 1487 308 1528 nomine
340 1500 522 1540 arguens
556 1500 717 1539 coram,
757 1486 870 1540 quod
902 1501 926 1527 a
964 1485 1163 1539 gregario
1197 1484 1247 1526 ad
1280 1497 1485 1538 magnum

136 1545 318 1587 militiae
351 1545 520 1586 culmen
552 1548 722 1586 euectus
755 1544 835 1585 1106
869 1559 1036 1598 quoque
1063 1559 1148 1585 non
1180 1545 1406 1584 contentus
1438 1545 1486 1583 ut
1506 1543 1563 1581 25'

135 1619 269 1659 paruo
303 1604 443 1644 locum
476 1604 696 1657 adpeteret
727 1603 1021 1657 principalem.
1067 1603 1104 1643 2.
1137 1601 1209 1643 sed
1242 1601 1486 1655 specialiter

138 1677 233 1704 eum
255 1663 544 1703 insectabatur
564 1662 705 1702 Dorus
727 1662 899 1715 quidam
921 1676 969 1702 cx
996 1661 1159 1702 medico
1181 1660 1486 1713 Scutariorum,

137 1736 262 1777 quem
275 1721 503 1762 nitentium
515 1735 535 1760 r
539 1735 582 1761 61·
588 1735 656 1761 11111
669 1721 829 1761 ce·'ntui
820 1735 959 1761 ionem
972 1720 1049 1761 sub
1063 1719 1315 1773 Magnentio
1323 1717 1486 1760 Romae-

137 1783 388 1834 prouectum
420 1778 665 1820 rettulimus
699 1793 919 1820 accusasse
946 1778 1207 1832 Adelphium
1240 1777 1336 1819 urbi
1368 1791 1486 1831 prae-

139 1839 296 1880 fectum
316 1842 364 1880 ut
391 1838 549 1879 altiora
580 1840 861 1891 coepta.ntem
894 1838 932 1877 3.
965 1852 1143 1891 cumque
1175 1851 1241 1877 ies
1273 1837 1319 1877 in
1351 1835 1486 1890 inqui·
1506 1849 1540 1875 ³0

139 1897 339 1938 sitionem
372 1897 538 1938 ueniret
569 1896 903 1950 necessariisque
935 1896 1112 1949 negotio
1145 1895 1276 1937 tentis
1303 1893 1488 1936 obiecto-

140 1970 234 1996 rum
266 1955 465 2008 probatio
499 1957 743 2008 speraretur
774 1958 995 2009 tamquam
1027 1969 1101 2007 per
1133 1958 1323 1995 saturam
1343 1952 1486 1994 subito

141 2014 413 2055 cubiculariis
429 2013 776 2067 siufragantibus,
793 2016 837 2054 ut
852 2013 1109 2067 loquebatur
1122 2012 1318 2066 pertinax
1332 2025 1488 2063 rumor,

140 2074 184 2113 et
215 2072 397 2113 uinculis
436 2075 536 2112 sunt
575 2075 727 2113 exutae
771 2086 977 2126 personae
1017 2086 1123 2126 quae
1163 2070 1489 2140 stringebantur

232 2189 252 2216 8
242 2156 503 2219 indictorum
529 2185 706 2220 Pithoeus
730 2185 913 2220 dictorum
939 2185 1041 2220 codd.
1109 2188 1147 2218 11
1174 2185 1212 2218 in
1237 2184 1302 2229 bgya
1327 2193 1394 2218 om.
1405 2183 1491 2218 ’ΥΡ

147 2233 187 2264 14
206 2229 460 2264 abscesserunt
480 2230 543 2273 (qa
569 2231 803 2264 accesserunt
825 2230 891 2264 11³
940 2234 979 2265 17
1004 2229 1169 2274 agebant
1187 2229 1220 2263 G
1237 2228 1419 2263 tenebant
1439 2227 1489 2261 V¹

144 2274 323 2319 tegebant
355 2274 479 2308 V²Pba
528 2279 566 2308 ‘21
596 2274 826 2308 arbetionem
860 2275 923 2309 lA
948 2274 1169 2309 arbitionem
1189 2273 1260 2308 GP
1305 2275 1349 2308 26
1373 2283 1489 2318 paruo

143 2318 266 2354 locum
293 2320 323 2353 (ι’
351 2319 508 2363 paruulo
535 2330 617 2352 611111
650 2318 761 2354 VPba
853 2324 896 2354 :30
920 2319 958 2353 in
982 2319 1052 2363 bqa
1076 2329 1142 2354 om.
1166 2317 1199 2353 V
