1573 2508
109 36 193 80 242
644 33 730 69 XXI
755 37 787 77 ⁷,
812 37 913 78 5—9‚
939 37 960 70 a
1339 0 1350 41 ³,

111 147 160 174 eo
192 131 395 185 uenisset,
426 129 727 171 mandatorum
759 128 964 183 principis
985 141 1148 170 memor
1178 142 1254 182 per
1285 128 1457 170 litteras

111 190 312 233 Cretione
345 189 500 230 comite
534 187 634 242 quid
678 190 879 242 ageretur
911 187 1059 229 edocto
1097 186 1359 242 reliquisque
1396 201 1458 229 re·

110 250 314 301 ctoribus,
346 248 458 289 lecto
492 246 676 300 undique
696 246 834 288 milite
866 245 1044 288 fortiore
1069 245 1381 300 translatisque
1403 245 1457 288 ab

109 312 292 362 utraque
324 305 588 348 Mauritania
620 305 982 346 discursatoribus
1021 304 1242 359 expeditis,
1277 303 1458 359 Aquita·

109 368 207 409 niae
229 369 271 407 et
290 364 445 407 Italiae
465 364 635 406 obiecta
667 363 799 405 litora
820 364 1021 405 tuebatur
1041 363 1272 405 artissime.
1330 364 1368 405 5.
1388 377 1457 405 ne·
1475 374 1493 401 5

112 440 191 480 que
224 423 266 465 id
287 423 514 466 consilium
546 422 703 464 fefellit
725 421 1039 464 Constantium.
1101 436 1149 463 eo
1171 422 1284 463 enim
1318 435 1459 476 super-

112 485 212 526 stite
244 482 389 524 nullus
411 482 690 524 aduersorum
722 481 821 523 illas
854 481 1003 535 tetigit
1034 484 1185 535 terras,
1216 480 1318 521 licet
1338 494 1459 522 oram

112 542 383 585 Siciliensem
416 557 440 582 a
472 540 680 595 Lilybaeo
712 544 959 594 protentam
993 540 1045 581 ad
1070 538 1321 593 Pachynum
1352 538 1458 580 mul-

110 600 250 643 titudo
294 600 497 642 seruabat
541 602 726 653 armata,
768 599 804 640 si
844 600 1057 653 patuisset
1097 598 1299 652 facultas,
1341 598 1459 639 ocius

110 660 362 702 transitura.
1479 668 1514 693 ιο

231 718 268 760 6.
301 717 381 759 Η15
414 731 490 771 pro
512 731 653 758 rerum
685 717 866 771 ratione,
900 720 946 758 ut
979 716 1062 758 sibi
1093 715 1295 770 prodesse
1317 715 1460 756 existi-

111 777 262 820 mabat
294 774 586 828 Constantius,
624 775 806 830 aliisque
839 750 1016 817 minutis
1051 778 1093 816 et
1129 774 1364 816 leuioribus
1396 787 1460 815 or-

111 835 283 902 dinatiS‚
315 835 468 876 ducum
500 809 663 876 nuiitiis
696 834 929 876 docebatur
961 836 1004 875 et
1040 833 1199 875 litteiis
1231 832 1460 874 Persarum

113 895 258 949 copias
291 894 336 935 111
368 909 498 935 111111111
532 896 716 946 coactas,
751 906 852 947 rege
886 892 1056 947 turgido
1088 895 1333 947 praeeunte,
1372 891 1461 932 iam

111 968 244 1008 prope
288 953 505 1007 margines
551 952 723 993 tendere
769 951 977 1005 Tigridis,
1018 952 1227 992 incertiun
1274 964 1460 1015 quonam
1479 961 1514 986 15

111 1026 333 1066 erumpere
378 1012 631 1065 cogitantes.
696 1011 732 1051 7.
765 1011 918 1065 quibus
957 1010 1157 1064 percitus,
1198 1013 1245 1050 ut
1284 1008 1461 1063 propius

113 1084 245 1124 agens
278 1070 443 1112 futuros
476 1070 614 1123 possit
635 1069 881 1111 anteuenire
903 1072 1094 1123 conatus,
1126 1083 1254 1123 quam
1274 1067 1461 1122 primum

112 1129 305 1171 hibernis
339 1142 550 1183 egressus,
583 1128 720 1169 accito
752 1128 937 1182 undique
959 1128 1154 1182 equitatu
1184 1126 1460 1180 peditiunque

112 1189 279 1242 robore,
305 1202 388 1242 quo
421 1186 593 1240 fidebat,
629 1201 706 1241 per
738 1185 1029 1241 Capersanam
1058 1184 1281 1239 Euphrate
1315 1182 1463 1226 nauali

111 1251 241 1301 ponte
273 1250 520 1288 transcurso
546 1245 756 1288 Edessam
793 1245 904 1300 petit
941 1246 1116 1287 uberem
1153 1242 1463 1285 commeatibus
1483 1254 1517 1279 20

114 1313 156 1347 et
189 1305 418 1358 munitam,
450 1305 512 1346 ibi
545 1319 775 1359 parumper
807 1305 1002 1359 operiens
1036 1303 1136 1344 dum
1168 1302 1462 1357 exploratores

113 1369 187 1407 aut
225 1364 430 1418 perfugae
469 1366 633 1405 motum
672 1367 911 1405 castrorum
949 1362 1175 1404 hostilium
1213 1361 1463 1403 indicarent.

233 1422 276 1464 8.
314 1423 349 1464 1.
381 1421 615 1463 Discedens
658 1423 769 1463 inter
811 1422 917 1463 haec
949 1421 1143 1463 Iulianus
1185 1436 1209 1462 a
1240 1418 1463 1472 Rauracis,

113 1482 313 1537 peractis,
346 1495 454 1535 quae
474 1481 695 1523 docuimus
716 1481 886 1534 dudum,
919 1479 1173 1522 Sallustium
1199 1478 1463 1533 praefectum

112 1544 358 1595 promotum
389 1539 559 1581 remisit
591 1540 635 1580 in
656 1539 835 1594 Gallias,
869 1539 1154 1580 Germaniano
1187 1538 1304 1579 iusso
1324 1537 1461 1578 uicem
1481 1547 1516 1574 25

112 1600 226 1641 tueri
245 1598 456 1652 Nebridii,
487 1598 719 1652 itidemque
739 1597 943 1640 Neuittae
964 1596 1263 1652 magisterium
1291 1595 1462 1637 commi-

114 1659 171 1700 sit
203 1672 432 1709 armorum,
464 1655 744 1698 Gumoarium
764 1656 1028 1711 proditorem
1047 1655 1272 1710 antiquum
1292 1655 1463 1708 timens,

114 1731 240 1772 quem
273 1730 369 1757 cum
402 1714 621 1757 Scutarios
655 1719 815 1770 ageret,
847 1716 1034 1757 latenter
1064 1713 1304 1768 prodidisse
1336 1711 1463 1754 Vete-

113 1775 336 1817 ranionem
369 1789 491 1816 suum
523 1774 761 1828 principem
794 1774 1014 1827 audiebat,
1048 1776 1090 1815 et
1111 1772 1232 1815 Iouio
1266 1774 1463 1826 quaestu·

113 1849 219 1888 ram,
250 1834 368 1876 cuius
401 1833 446 1874 in
466 1833 632 1875 actibus
652 1832 877 1888 Magnenti
903 1832 1188 1885 meminimus,
1220 1834 1262 1873 et
1281 1829 1463 1872 Mamer·
1481 1843 1517 1869 ³0
1572 1832 1573 1858 3

113 1894 206 1934 tino
251 1891 507 1946 largitiones
556 1892 783 1946 curandas,
839 1895 881 1933 et
930 1890 1212 1946 Dagalaifum
1255 1888 1464 1944 praefecit

205 2012 224 2041 3
251 2008 415 2051 undique
445 2006 476 2039 (r
502 2006 627 2041 undiei
658 2006 725 2041 VP
749 2006 886 2042 uindici
906 2007 971 2041 rba
1008 2005 1126 2041 milite
1157 2004 1224 2041 VG
1249 2004 1359 2038 militi
1382 2003 1464 2039 Pba

114 2057 134 2087 5
158 2052 281 2086 haliae
312 2052 380 2088 VP
405 2051 547 2086 Galliae
573 2052 640 2096 hya
730 2055 750 2086 8
778 2062 799 2085 a
823 2051 986 2096 lilybaeo
1011 2051 1048 2085 P
1072 2050 1192 2084 alibus
1216 2049 1287 2084 beo
1317 2047 1351 2082 V
1415 2047 1462 2082 ad

112 2096 330 2140 Pachynum
369 2098 502 2142 scripsi
538 2098 576 2131 et
615 2096 775 2141 pachino
811 2097 848 2131 P
883 2097 912 2131 ἃ,
936 2096 1107 2140 bachyno
1137 2095 1169 2129 V
1261 2099 1301 2129 13
1326 2093 1462 2128 ducum

113 2141 253 2176 nuntiis
278 2151 343 2176 om.
369 2142 389 2176 b
483 2145 523 2176 14
547 2141 698 2186 turgido
728 2141 832 2176 VGA
855 2151 922 2176 om.
947 2141 1005 2176 Pb
1104 2144 1146 2174 15
1181 2139 1365 2174 incertum
1395 2137 1462 2182 bya

113 2186 323 2265 ingpitzizulxpt
344 2186 418 2264 ΞΖ
472 2191 513 2265 lc?
532 2197 650 2264 beripm
681 2196 742 2221 ere
776 2185 847 2221 ΟΛ
884 2185 1099 2264 θτυωρθτθῇ
1133 2184 1201 2220 VP
1232 2183 1395 2233 erigeret
1422 2182 1464 2216 rb

116 2235 344 2356 gffibossiezz
352 2243 480 2354 lVPbnl
510 2241 580 2353 8378
593 2229 1148 2353 Gluggarisgpgsghgxgarifm
1171 2226 1463 2309 Aizlcsgggssgffi

393 2332 518 2354 curam
558 2332 587 2353 is
