1614 2549
389 67 727 110 CONSTANTIVS
751 68 814 103 ΕΤ
839 66 1074 103 IVLIANVS
1096 70 1164 102 360
1370 66 1455 109 239

103 179 198 206 cum
240 166 537 219 antegressum
578 177 674 203 eum
714 162 896 204 uidisset
946 161 1267 215 supplicemque
1316 160 1456 202 iacen-

103 227 191 265 tem
222 237 357 276 orare,
389 223 437 264 ut
467 221 641 263 leuandi
673 236 802 263 causa
832 221 1003 262 timoris
1024 220 1063 261 ei
1093 220 1338 274 porrigeret
1357 219 1454 260 dex-

101 286 241 323 teram
273 280 448 336 ‘ecquid'
469 280 531 322 ait
562 279 851 334 ‘praecipuum
872 279 1021 321 amicis
1056 278 1311 332 seruabitur,
1343 277 1380 319 si
1405 280 1454 319 tu

101 355 276 382 manum
314 339 513 393 tetigeris
545 339 717 380 meam?
780 338 854 380 sed
890 338 992 379 hinc
1024 352 1106 392 quo
1146 337 1254 378 libet
1286 337 1357 379 abi
1393 350 1454 377 se-

65 415 81 440 5
102 400 249 441 curus.7
310 398 475 452 hocque
517 396 663 439 audito
705 397 780 438 ille
821 397 1020 438 innoxius
1063 396 1116 437 ad
1154 396 1290 438 larem
1330 410 1454 437 suum

100 458 279 499 recessit
320 457 365 498 in
406 456 620 498 Tusciam.
684 456 750 497 13.
790 455 859 496 his
904 455 1117 508 Iulianus,
1158 457 1207 496 ut
1246 455 1455 508 poscebat

100 517 265 571 negotii
286 515 553 570 magnitudo,
583 514 867 568 praestructis
900 516 1114 568 expertus,
1134 513 1235 567 quid
1260 513 1306 555 in
1324 513 1453 554 rebus

101 575 380 617 tumultuosis
413 574 656 616 anteuersio
689 574 835 615 ualeat
866 575 910 614 et
939 585 1231 626 praegressus,
1263 587 1339 625 per
1370 574 1454 613 tes-

103 648 243 677 seram
275 634 414 675 edicto
447 633 602 674 itinere
634 632 959 685 inPamionias7
991 631 1145 673 castris
1177 630 1387 685 promotis
1410 632 1454 671 et

48 709 80 734 10
102 693 237 747 signis
270 695 430 734 temere
463 706 506 733 se
539 691 738 733 fortunae
772 690 972 732 conmisit
1004 690 1246 744 ambiguae.

220 750 263 793 6.
300 753 336 793 1.
361 750 588 805 Replicare
620 764 731 792 nunc
764 749 964 791 conuenit
995 749 1183 802 tempori
1203 751 1246 789 et
1276 762 1453 789 narrare

102 811 350 852 summatim
383 824 503 864 quae,
546 809 645 850 dum
685 811 871 863 aguntur
915 808 960 849 in
997 807 1154 849 Galliis
1195 809 1294 849 ante
1327 806 1455 860 dicta,

102 868 380 911 Constantius
412 868 608 910 hiemans
628 867 887 909 Antiochiae
913 867 1028 908 domi
1059 866 1330 920 militiaeque
1362 879 1454 919 per-

100 927 213 970 fecit.
275 928 386 969 inter
418 927 644 981 conplures
678 927 786 968 alios
818 926 981 967 honore
1015 924 1266 978 conspicuos
1306 923 1455 965 adora-

47 1002 80 1027 15
99 987 187 1029 turi
218 987 525 1041 imperatorem
550 999 729 1040 peregre
761 985 1004 1026 uenientem
1036 983 1290 1025 ordinantur
1322 982 1454 1023 etiam

101 1060 153 1087 ex
184 1046 369 1088 tribunis
402 1044 658 1099 insignibus.
720 1044 759 1086 2.
779 1058 875 1085 cum
907 1042 1041 1097 igitur
1074 1058 1098 1083 a
1136 1040 1454 1095 Mesopotamia

99 1119 298 1146 reuersus
332 1103 612 1146 Constantius
650 1103 733 1144 hoc
771 1102 1038 1156 exciperetur
1077 1101 1237 1155 officio,
1273 1099 1453 1153 Amphi-

100 1163 267 1205 lochius
313 1163 488 1217 quidam
532 1176 582 1203 ex
624 1161 799 1203 tribuno
838 1160 1079 1214 Paphlago,
1125 1174 1251 1214 quem
1295 1158 1454 1199 dudum

101 1223 178 1265 sub
213 1221 450 1264 Constante
483 1221 744 1262 militantem
763 1219 1073 1261 discordiarum
1106 1218 1268 1259 seuisse
1301 1231 1452 1258 causas

47 1297 81 1322 20
100 1282 212 1323 inter
250 1281 460 1336 primores
498 1280 654 1321 fratres
694 1279 957 1333 suspiciones
1003 1277 1231 1331 contiguae
1275 1275 1454 1317 ueritati

99 1340 346 1396 pulsabant,
378 1353 506 1381 ausus
538 1338 667 1392 paulo
700 1337 966 1392 petulantius
1000 1338 1127 1389 stare,
1159 1338 1207 1377 ut
1239 1336 1331 1389 ipse
1353 1348 1454 1388 quo-

101 1415 181 1455 que
214 1399 267 1441 ad
303 1398 441 1453 parile
474 1397 729 1451 obsequium
762 1395 1064 1448 admittendus,
1102 1394 1274 1448 agnitus
1314 1395 1380 1434 est
1412 1395 1454 1433 et

99 1459 357 1513 prohibitus7
391 1456 767 1510 strepentibusque
800 1454 949 1496 multis
971 1456 1013 1495 et
1044 1453 1204 1494 intueri
1235 1453 1375 1494 lucem
1393 1451 1455 1492 ul-

99 1518 235 1559 terius
267 1531 355 1558 non
395 1516 549 1557 debere
591 1514 880 1556 clamantibus
921 1515 969 1554 ut
1008 1512 1274 1566 perduellem
1307 1512 1350 1552 et
1383 1510 1455 1551 ob-

47 1591 81 1616 25
102 1577 330 1629 stinatum‚
369 1574 649 1617 Constantius
689 1574 801 1614 circa
845 1573 951 1613 haec
988 1571 1127 1612 lenior
1169 1570 1298 1611 solito
1337 1568 1455 1609 ‘desi-

100 1636 201 1676 nite'
235 1635 296 1676 ait
316 1634 480 1688 ‘urgere
512 1632 733 1674 hominem
753 1634 799 1673 ut
821 1631 1019 1673 existimo
1054 1632 1222 1671 sontem
1255 1628 1327 1670 sed
1352 1642 1455 1668 non·

101 1695 202 1736 dum
234 1696 381 1748 aperte
415 1692 660 1734 conuictum
692 1694 736 1732 et
767 1691 1029 1732 mementote
1062 1689 1186 1743 quod,
1218 1687 1359 1742 siquid
1386 1686 1456 1727 ad-

101 1753 221 1794 misit
270 1752 396 1793 huius
440 1750 576 1804 modi,
627 1750 704 1791 sub
750 1749 974 1792 obtutibus
1013 1748 1121 1789 meis
1167 1745 1454 1788 conscientiae

102 1812 237 1865 ipsius
270 1811 483 1852 sententia
515 1809 728 1863 punietur,
760 1823 889 1863 quam
920 1808 1056 1848 latere
1087 1821 1174 1847 non
1206 1805 1377 1859 poterit⁷
1412 1806 1455 1845 et

51 1885 85 1910 30
105 1871 167 1912 ita
187 1870 422 1911 discessum
443 1872 519 1910 est.
564 1868 603 1908 3.
616 1867 825 1922 postridie
846 1866 957 1908 ludis
979 1864 1249 1907 Circensibus
1270 1863 1383 1904 idem
1404 1877 1455 1903 ex

104 1929 283 1971 aduerso
317 1927 604 1983 imperatoris7
642 1926 717 1967 ubi
750 1926 1044 1978 consueuerat,
1077 1925 1276 1977 spectans
1309 1935 1455 1975 repen-

102 1989 194 2029 tino
228 1988 416 2029 clamore
450 1986 623 2028 sublato
657 1999 752 2026 cum
785 1986 1001 2026 certamen
1033 1982 1257 2035 opinatum
1290 1980 1455 2021 emitte-

193 2136 213 2166 8
238 2132 367 2166 antere
392 2130 515 2165 uersio
540 2130 597 2164 Pb
644 2130 823 2163 tesseram
847 2128 953 2172 Pbya
979 2127 1165 2161 desseram
1195 2124 1227 2159 V
1297 2128 1336 2158 11
1363 2124 1455 2157 tem-

101 2177 184 2221 pori
212 2176 250 2210 (J.
275 2175 322 2210 F.
353 2175 409 2210 W.
440 2175 579 2210 DIziller
609 2175 780 2218 tempore
812 2173 915 2208 codd.
1010 2175 1051 2205 14
1081 2170 1272 2205 adoraturi
1305 2168 1339 2203 G
1369 2168 1456 2202 ado-

102 2222 205 2256 rator
249 2221 318 2256 VP
425 2225 466 2255 19
514 2220 651 2254 senisse
692 2218 773 2262 Pb9
817 2217 1003 2252 saeuuisse
1049 2215 1083 2250 V
1187 2219 1229 2250 20
1274 2213 1456 2258 primores

101 2266 234 2309 scripsi
273 2265 406 2310 prioris
449 2265 551 2301 codd.
644 2267 686 2297 ‘22
728 2262 981 2297 admittendus
1022 2260 1054 2296 G
1093 2259 1299 2294 mittendus
1343 2258 1456 2307 VPba

104 2311 363 2389 23**ulter{ps
393 2310 428 2344 V
517 2313 559 2344 ‘26
586 2308 638 2343 ait
668 2309 710 2352 by
735 2308 843 2352 (ait)
872 2307 907 2341 V
934 2308 1058 2340 autem
1090 2305 1143 2339 ait
1166 2305 1202 2339 P
1303 2307 1345 2337 32
1377 2312 1454 2335 mo·

105 2356 276 2400 pinatum
