1573 2508
135 47 185 83 Vl
707 43 993 81 PRAEFATIO.

133 141 304 183 elicitur
338 155 388 181 ex
422 139 534 181 libro
565 138 727 181 XVIII.
788 139 946 181 Postea
964 137 1164 180 Ursicino
1195 137 1315 179 iussu
1340 134 1478 190 Impe-

133 199 290 241 ratoris
319 198 610 240 Mediolanum
642 198 791 251 accito,
822 196 1100 239 Marcellinus
1132 209 1301 251 quoque
1330 196 1479 236 noster

133 271 217 299 una
255 272 351 298 cum
390 272 439 297 eo
478 256 521 297 in
562 255 736 297 Italiam
774 256 910 309 venit,
955 254 1193 296 Consulatu
1231 252 1478 295 Constantii

136 316 320 370 septimo
365 318 407 356 et
452 314 696 356 Constantii
740 313 856 355 Galli
900 314 1043 367 tertio,
1088 313 1161 368 qui
1205 326 1342 354 annus
1386 314 1479 353 erat

132 374 232 416 354.
276 373 446 415 Natalis
493 372 721 414 Dominici.
783 372 910 414 Almo
952 375 1096 413 autem
1141 370 1337 425 sequenti
1381 384 1478 412 cum

133 432 244 474 idem
285 431 506 473 Ursicinus
547 431 597 472 ad
638 430 962 485 opprimendam
1002 429 1167 472 Silvani
1206 428 1479 483 tyrannidem

133 505 159 531 a
190 488 444 531 Constantio
486 489 730 530 mitteretur
771 489 815 530 in
846 488 1024 542 Gallias,
1057 488 1336 529 Ammianum
1367 485 1480 529 Mar-

131 548 334 590 cellinum
367 563 451 588 una
483 562 577 589 cum
611 547 707 589 aliis
741 551 958 601 spectatae
991 546 1228 588 industriae
1260 545 1480 587 Protecto-

131 606 252 647 ribus
291 621 433 647 secum
472 606 603 647 duxit.
681 606 888 658 Extincto
933 606 1054 647 breui
1094 604 1287 658 Silvano,
1321 602 1480 646 Ursici-

130 678 211 706 nus
258 664 506 718 aliquandiu
545 664 741 705 detentus
784 668 849 706 est
881 665 925 705 in
958 664 1133 705 Galliis:
1164 663 1422 717 tandemque
1454 676 1480 704 a.

132 721 388 764 Constantio
441 722 645 764 Sirmium
697 727 916 777 evocatus,
972 722 1100 776 paulo
1157 725 1257 776 post
1312 720 1481 762 reddita

134 780 377 834 Magisterii
411 781 622 834 dignitate
656 782 699 822 in
733 782 953 822 Orientem
985 781 1189 822 remissus
1223 783 1300 834 est,
1332 779 1479 821 iuncto

135 842 183 880 ut
232 844 359 880 antea
409 839 674 880 Marcellino.
736 839 803 880 Ibi
854 854 962 894 quae
1012 838 1290 880 Marcellinus
1333 840 1480 879 noster

135 898 337 951 gesserit,
378 897 533 951 quibus
573 898 616 938 in
654 898 830 952 piaeliis
870 898 1251 951 obsidionibusque
1284 899 1480 938 versatus

135 956 205 1009 sit,
238 970 342 1021 quas
377 956 617 1009 legationes
651 957 819 1010 obierit,
852 957 988 997 satius
1022 971 1069 997 ac
1093 956 1316 997 iucundius
1349 955 1482 996 fuerit

135 1028 185 1055 ex
236 1014 370 1068 ipsius
429 1015 675 1056 narratione
733 1029 862 1069 quam
912 1014 1072 1056 nostris
1117 1014 1259 1055 verbis
1303 1013 1479 1055 discere.

132 1071 239 1114 Post
282 1072 449 1114 obitum
494 1071 737 1114 Constantii
779 1073 971 1114 Iulianus
1015 1088 1157 1114 rerum
1196 1073 1379 1126 potitus,
1419 1072 1481 1112 in-

135 1131 256 1184 genti
289 1134 502 1184 apparatu
534 1132 697 1172 bellum
730 1132 878 1173 intulit
897 1131 1051 1172 Persis.
1113 1130 1192 1172 Cui
1219 1130 1481 1186 expeditioni

130 1203 175 1229 sc
220 1189 471 1230 interfuisse
514 1189 791 1231 Marcellinus
835 1194 982 1230 noster
1026 1189 1226 1231 affirmat.
1290 1188 1482 1230 Valenti-

129 1247 258 1289 niano
290 1247 440 1289 deinde
474 1251 516 1289 et
547 1247 731 1290 Valente
764 1248 1046 1302 regnantibus
1081 1248 1181 1302 quid
1214 1248 1372 1302 egerit,
1405 1249 1480 1289 aut

130 1306 183 1348 ad
221 1320 349 1360 quam
393 1306 650 1360 dignitatem
688 1309 911 1360 promotus
950 1307 1104 1358 fuerit,
1144 1306 1346 1360 quoniam
1387 1306 1479 1360 ipse

130 1365 280 1418 tacuit,
330 1365 560 1406 obscurum
610 1368 686 1406 cst.
749 1364 930 1406 Videtur
980 1368 1138 1418 tamen,
1189 1365 1224 1405 si
1270 1364 1480 1406 conjicere

133 1422 253 1476 lieet,
297 1426 390 1464 tum
434 1423 587 1464 relicta
637 1423 796 1464 militia
846 1423 897 1464 ad
949 1424 1085 1464 otium
1136 1438 1180 1464 se
1231 1423 1481 1464 contulisse.

125 1479 257 1522 Certe
295 1481 498 1522 Valentis
550 1482 818 1535 temporibus
870 1482 973 1536 quin
1023 1481 1281 1523 Antiochiae
1331 1478 1481 1536 (quam

132 1539 222 1580 eius
255 1540 438 1593 patriam
472 1539 603 1580 fuisse
637 1538 743 1594 dixi)
763 1543 1053 1581 commoratus
1075 1540 1142 1593 sit,
1175 1539 1362 1581 dubitari
1395 1554 1482 1581 non

131 1600 288 1651 potest.
355 1597 468 1639 Nam
501 1599 543 1639 in
577 1598 688 1639 libro
721 1597 863 1638 XXIX
897 1613 929 1639 c.
965 1599 998 1639 1.
1036 1598 1108 1639 ubi
1142 1598 1481 1640 coniurationem

131 1656 253 1697 illam
296 1655 510 1697 Theodori
550 1659 878 1710 commemorat,
923 1671 1030 1710 quae
1069 1656 1326 1698 Antiochiae
1363 1660 1481 1711 pate-

134 1715 250 1755 facta
296 1715 424 1755 simul
470 1718 512 1755 et
557 1715 773 1756 vindicata
816 1719 893 1768 est,
937 1715 1004 1755 his
1049 1716 1189 1756 verbis
1228 1715 1385 1757 utitur:
1416 1715 1482 1757 Et

132 1773 373 1827 quoniam
414 1773 584 1814 addici
624 1777 739 1826 post
777 1774 1092 1814 cruciabiles
1132 1788 1322 1827 poenas
1357 1773 1481 1814 vidi-

133 1845 241 1872 mus
275 1832 487 1886 multos,
520 1832 811 1873 summatim
848 1830 995 1886 (quia
1026 1846 1115 1873 nos
1149 1832 1482 1886 penitissima

133 1892 398 1943 gestorum
438 1891 685 1931 memoria
730 1889 891 1945 sugit)
931 1905 1056 1944 quae
1095 1891 1328 1931 recolere
1366 1904 1481 1944 pos-

133 1962 303 1988 sumus
336 1948 630 2001 expeditius
664 1948 1013 1990 absolvemus.
1076 1949 1242 1998 Quibus
1275 1949 1482 1991 accedunt

134 2020 184 2046 ca
215 2020 322 2059 quac
357 2006 467 2047 infra
498 2007 602 2047 dicit
634 2007 677 2047 in
711 2007 858 2048 eodem
892 2007 1017 2060 libro,
1050 2010 1093 2048 et
1125 2007 1168 2048 in
1202 2007 1314 2048 libro
1347 2006 1482 2049 XXX.

132 2063 340 2105 Gratiano
384 2065 554 2105 demum
599 2080 645 2106 ac
692 2064 999 2107 Valentiniano
1046 2065 1217 2107 Iuniore
1262 2069 1304 2107 et
1344 2065 1481 2107 Theo·

133 2121 253 2163 dosio
287 2122 415 2163 simul
451 2123 774 2177 imperantibus,
807 2123 1084 2166 Marcellinus
1119 2123 1293 2165 Oriente
1327 2124 1480 2166 relicto

132 2179 317 2221 Romam
350 2181 573 2233 migravit:
607 2197 735 2235 quam
768 2183 821 2223 ob
855 2197 1040 2236 causam,
1073 2185 1115 2223 et
1149 2185 1295 2224 utrum
1316 2181 1481 2224 aPrin-

134 2238 226 2291 cip«¹
260 2239 361 2280 illu«,¹
396 2243 610 2292 evocatus,
649 2241 860 2282 incertum
894 2244 971 2282 est.
1032 2239 1233 2282 Ceterum
1266 2240 1481 2296 magnitu-

135 2296 231 2337 din·-
271 2301 311 2337 vt
353 2298 486 2350 copiis·
527 2299 643 2339 urbis
684 2299 727 2340 in
765 2313 848 2353 qua
879 2299 1146 2342 domicilium
1183 2299 1481 2354 constituerat,
