1573 2508
156 71 237 113 182
650 68 792 104 XVIIII
815 72 847 112 7,
874 72 931 104 6-
941 72 974 112 8,
997 72 1018 104 5

152 167 311 219 partes,
342 164 480 205 noctis
502 165 689 216 spatium
722 163 860 204 maius
880 165 1179 217 consumptum
1205 165 1282 216 est,
1313 164 1362 204 ut
1379 176 1499 205 exco-

154 223 285 277 gitari
316 222 454 276 possit
486 221 587 276 quid
619 221 750 263 exitio
781 221 845 262 ita
876 221 1012 263 atroci
1044 221 1345 264 obiectaretur.

272 281 311 322 G.
337 280 396 321 Et
426 279 600 322 tandem
620 280 759 321 multa
776 279 1046 322 uersantibus
1081 280 1241 333 [nobis]
1263 279 1374 321 sedit
1405 293 1499 322 con-

154 339 311 393 silium,
345 338 458 393 quod
488 339 625 380 tutius
645 338 843 380 celeritas
874 337 989 392 fecit,
1020 341 1224 393 quattuor
1243 338 1379 380 isdem
1409 338 1499 381 bal-

153 398 267 438 listis
300 398 546 452 scorpiones
578 398 750 452 opponi,
788 397 860 452 qui
892 397 991 438 dum
1029 397 1229 438 translati
1262 412 1283 438 e
1320 396 1497 452 regione

153 459 289 511 caute,
336 456 448 510 quod
493 457 600 497 artis
645 459 711 497 est
754 456 1049 509 difficillimae,
1093 455 1382 510 conlocantur,
1424 455 1499 498 lux

151 515 277 556 nobis
311 515 484 557 aduenit
516 515 803 556 maestissima
825 514 1051 556 Persarum
1078 514 1322 569 manipulos
1354 514 1499 555 formi-

152 573 277 615 datos
310 575 535 615 ostentans
563 573 741 615 adiectis
762 573 1088 627 elephantorum
1110 573 1368 627 agminibus,
1399 586 1499 627 quo-

152 647 247 673 rum
286 632 468 674 stridore
507 633 846 686 inmanitateque
880 646 1105 686 corporum
1136 631 1246 673 nihil
1284 631 1497 674 humanae

152 693 317 732 mentes
349 691 586 732 terribilius
620 693 811 732 cenumt.
873 691 911 731 7.
931 705 1109 745 ciunque
1130 690 1247 731 omni
1279 705 1329 732 ex
1362 690 1496 732 latere

154 764 372 791 armorum
405 752 447 790 et
479 764 656 804 operum
688 749 996 804 beluarumque
1030 749 1216 790 molibus
1236 762 1499 804 urgeremur,

150 823 227 862 per
259 808 532 862 scorpionum
564 808 724 849 ferreas
745 807 897 849 fundas
919 822 940 848 e
965 807 1299 863 propugnaculis
1320 807 1498 849 subinde

151 867 324 908 rotundi
356 867 520 920 lapides
541 867 627 908 acti
653 867 874 908 dissolutis
906 867 1089 908 turrium
1110 866 1375 921 coagmentis
1407 865 1498 908 bal-

153 925 279 966 listas
301 940 531 980 earumque
564 928 749 968 tortores
782 926 844 966 ita
876 925 1022 966 fudere
1054 925 1324 979 praecipiteS,
1343 926 1390 966 ut
1409 924 1498 979 qui·

153 984 251 1025 dam
291 985 400 1026 citi-a
437 985 661 1026 uuhierum
698 999 851 1035 noxas,
896 984 971 1026 alii
1013 984 1165 1025 obtriti
1202 983 1497 1037 magnitudine

151 1043 387 1096 ponderum
426 1043 669 1097 inte1i1·,ent
708 1042 948 1096 elephantis
988 1043 1029 1083 ui
1069 1055 1227 1096 magua
1268 1042 1498 1096 propulsis,

151 1116 256 1155 quos
290 1101 475 1143 flammis
508 1076 713 1143 coniectis
745 1101 932 1155 undique
964 1101 1255 1143 circumnexos
1291 1101 1378 1142 iam
1409 1114 1497 1142 cor-

149 1160 326 1214 poribus
362 1160 490 1202 tactis
524 1160 854 1214 gradientesque
874 1162 1064 1201 retrosus
1086 1159 1269 1201 retinere
1296 1158 1498 1213 magistri

148 1233 237 1260 non
266 1221 481 1272 poterant,
513 1221 694 1274 postque
715 1219 876 1260 exustis
898 1219 1099 1272 operibus
1126 1218 1246 1260 nulla
1266 1218 1386 1272 quies
1412 1231 1497 1259 cer-

149 1277 386 1319 taminibus
419 1278 531 1319 data.
582 1278 620 1320 8.
640 1293 713 1319 rex
746 1278 860 1318 enim
891 1277 983 1331 ipse
1003 1277 1245 1330 Persarum,
1278 1276 1351 1331 qui
1378 1290 1497 1318 num-

151 1350 281 1390 quam
313 1336 461 1378 adesse
482 1336 788 1378 certaminibus
809 1336 991 1390 cogitur,
1022 1335 1090 1376 his
1116 1336 1337 1377 turbinum
1369 1334 1497 1376 infor-

152 1395 286 1435 tuniis
324 1395 511 1448 percitus
544 1410 656 1436 nouo
690 1398 732 1436 et
771 1409 980 1449 nusquam
1014 1397 1140 1436 antea
1172 1393 1346 1447 cognito
1379 1407 1497 1434 more

151 1453 428 1506 proeliatoris
461 1454 614 1495 militis
642 1454 727 1494 ritu
759 1453 962 1508 prosiluit
993 1453 1037 1494 in
1063 1453 1290 1506 confertos,
1322 1455 1365 1494 et
1396 1451 1497 1506 quia

150 1512 420 1565 conspectior
456 1513 694 1566 tegentium
734 1512 1009 1553 multitudine
1048 1512 1195 1566 procul
1241 1510 1496 1564 speculanti-

148 1570 228 1611 bus
262 1571 495 1624 uisebatur,
527 1572 687 1624 petitus
715 1571 945 1612 crebritate
978 1571 1162 1611 telorum
1185 1569 1332 1611 multis
1365 1569 1495 1623 stipa-
1514 1583 1530 1607 2

149 1629 317 1670 toribus
356 1630 506 1670 stratis
546 1629 756 1671 abscessit
794 1629 1013 1670 alternans
1053 1629 1249 1683 regibilis
1289 1628 1415 1681 acies,
1453 1630 1496 1668 et

149 1687 200 1728 ad
246 1689 483 1728 extremiun
521 1688 603 1729 diei
648 1703 724 1729 nec
764 1688 966 1729 mortium
1011 1688 1119 1729 truci
1159 1687 1254 1729 uisu
1290 1701 1367 1728 nec
1405 1686 1495 1727 uul-

147 1759 297 1787 nerum
338 1746 513 1788 territus
554 1747 725 1788 tandem
758 1750 926 1800 tempus
961 1747 1162 1801 exiguum
1194 1745 1327 1787 tribui
1360 1744 1495 1799 quieti

147 1804 356 1858 permisit.

270 1862 313 1904 8.
351 1864 386 1904 1.
417 1863 578 1905 Verum
611 1867 734 1905 nocte
766 1864 926 1917 proelia
962 1863 1200 1915 dirimente,
1238 1875 1388 1904 somno
1419 1875 1496 1915 per

147 1921 278 1962 breue
322 1922 458 1964 otium
491 1926 629 1977 capto,
668 1923 904 1964 nitescente
943 1922 1029 1963 iam
1063 1922 1154 1963 luce
1193 1920 1245 1962 ad
1286 1920 1493 1975 potiunda

239 2092 258 2119 3
286 2088 390 2121 nobis
424 2087 549 2121 V²Pba
573 2098 640 2124 om
674 2087 756 2121 V¹(1
845 2091 865 2121 4
890 2088 1006 2121 tutius
1031 2087 1156 2131 Prbgya
1180 2053 1260 2121 tutiig
1284 2083 1315 2119 V
1374 2089 1393 2120 7
1418 2095 1493 2119 ma-

149 2131 296 2179 nipulos
330 2133 362 2163 G
395 2132 654 2176 manipopulos
694 2131 759 2165 112
795 2131 955 2166 inaniter
985 2124 1144 2176 populos
1174 2126 1229 2166 ba
1311 2134 1352 2165 16
1381 2129 1492 2164 inter-

150 2173 270 2209 rirent
311 2176 378 2210 VP
473 2181 512 2211 18
548 2177 707 2211 retinere
739 2176 899 2222 V²Pb9a
935 2177 1056 2211 retere
1088 2176 1136 2209 ΥΙ
1163 2186 1292 2221 regere
1328 2174 1495 2210 Valesius

150 2256 195 2288 20
221 2252 309 2288 data
336 2254 369 2287 G
395 2255 463 2289 tati
495 2254 561 2289 11²
585 2264 651 2289 om.
675 2255 737 2289 rba
832 2259 874 2289 22
926 2229 1063 2289 emimus
1071 2254 1105 2288 V
1176 2256 1259 2298 post
1282 2263 1384 2289 more
1405 2251 1495 2288 add.

151 2308 216 2332 ore
247 2297 330 2333 V‘P
382 2303 426 2333 25
451 2299 650 2334 crebritate
677 2299 710 2334 G
734 2299 902 2334 brebrita.
920 2310 938 2334 e
962 2298 994 2333 V
1010 2298 1197 2334 breuitate
1213 2298 1294 2334 Pha
1352 2302 1395 2333 ‘27
1412 2296 1493 2332 uisu

149 2343 185 2376 A
211 2342 304 2377 nisio
337 2343 404 2378 ΥΡ
426 2344 506 2378 uiso
531 2343 574 2387 by
665 2348 705 2381 31
733 2344 936 2379 nitescente
967 2343 1033 2378 VA
1058 2343 1309 2379 innotescente
1332 2343 1370 2379 P

1517 408 1536 436 5

1518 703 1552 729 1⁰

1519 994 1551 1023 15

1516 1289 1551 1316 2⁰

1514 1874 1548 1900 30
