1614 2549
639 71 873 107 IVLIANVS
898 77 963 108 363
1389 77 1472 118 333

123 166 190 205 ter
228 179 409 218 quorum
445 165 609 206 radices
649 168 692 206 et
722 166 876 219 uicum,
915 181 1042 221 quem
1067 167 1274 209 Lithinon
1304 183 1473 223 pyrgon

124 223 356 277 appellant,
376 223 459 264 iter
478 223 780 278 longissimum
801 228 923 278 patet
943 227 1250 267 mercatoribus
1278 228 1473 281 peruium

124 281 177 322 ad
209 280 334 323 Seras
367 282 545 323 subinde
578 283 928 324 commeantibus.

241 341 309 381 61.
341 339 466 382 Circa
510 341 697 382 defectus
744 344 786 382 et
825 342 1059 395 crepidines
1099 343 1322 397 montium,
1366 358 1471 398 quos

88 411 104 436 5
124 397 294 440 Imauos
327 402 370 440 et
401 399 589 452 Apurios
622 402 790 453 uocant,
829 399 1011 454 Scythae
1052 404 1151 442 sunt
1188 402 1303 442 intra
1334 401 1473 443 Persi-

122 471 194 498 cos
233 457 338 498 fines
370 457 545 499 Asianis
585 459 838 499 contermini
871 458 1082 499 Sarmatis
1120 458 1471 515 Halanorumque

121 515 235 557 latus
267 519 494 570 tangentes
522 519 770 557 extremum.
833 517 905 570 qui
936 517 1055 558 uelut
1088 521 1264 572 agentes
1286 519 1471 573 quodam

122 588 291 616 secessu
334 575 563 629 coalitique
615 575 844 616 solitudine
887 590 963 629 per
1013 576 1244 617 interualla
1288 577 1471 631 dispersi

122 636 220 674 sunt
263 633 396 687 longa
440 633 606 675 adsueti
648 633 765 675 uictu
804 633 883 674 uili
922 637 964 674 et
994 635 1262 688 paupertino.
1327 636 1394 677 62.
1427 639 1470 677 et

68 704 102 729 10
121 695 270 745 gentes
304 692 476 746 quidem
507 693 652 733 uariae
684 692 763 733 hos
796 692 990 733 incolunt
1021 696 1198 747 tractus,
1231 708 1334 748 quas
1358 709 1470 735 nunc

119 764 337 791 recensere
359 750 442 792 alio
475 765 709 804 properans
742 751 1002 804 superfluum
1022 754 1139 804 puto.
1188 752 1293 793 illud
1324 755 1471 794 tamen

121 809 336 850 sciendum
369 813 434 850 est
466 810 578 850 inter
607 809 686 850 has
718 810 912 850 nationes
945 824 1079 863 paene
1112 810 1166 851 ob
1189 811 1469 864 asperitatem

119 867 299 909 nimiam
331 868 569 909 inaccessas
601 868 797 909 homines
819 882 910 908 esse
933 869 1139 921 quosdam
1160 869 1286 910 mites
1309 873 1352 911 et
1370 870 1466 923 pios

119 929 167 967 ut
205 926 402 968 Iaxartae
447 930 547 967 sunt
590 929 633 967 et
670 926 997 980 Galactophagi,
1043 941 1225 981 quorum
1271 928 1469 970 meminit

67 995 100 1022 15
120 988 241 1026 uates
273 984 488 1026 Homerus
521 985 566 1025 in
596 985 677 1025 hoc
709 999 837 1025 uersu

177 1041 499 1097 γλακτοφάγων
532 1039 691 1096 Ἀβίων
721 1058 766 1084 τε
799 1040 1091 1084 δικαιοτάτων
1123 1040 1390 1098 ἀνθρώπων.

119 1102 186 1143 63.
218 1103 330 1143 inter
360 1102 538 1143 flumina
556 1116 658 1143 uero
691 1102 841 1154 multa,
875 1116 981 1156 quae
1013 1117 1089 1156 per
1120 1102 1199 1143 has
1232 1105 1369 1143 terras
1395 1103 1467 1145 uel

117 1161 360 1214 potioribus
392 1161 535 1215 iungit
554 1164 710 1202 natura
728 1160 798 1201 uel
829 1161 954 1214 lapsu
985 1164 1085 1214 post
1116 1161 1252 1202 trahit
1272 1161 1317 1202 in
1336 1176 1466 1216 mare,

117 1218 358 1273 Rhymmus
392 1219 572 1261 celebris
594 1222 659 1260 est
680 1222 722 1260 et
742 1219 950 1269 Iaxartes,
982 1222 1017 1260 ec
1036 1219 1208 1260 Daicus.
1267 1220 1465 1262 ciuitates

65 1291 99 1316 20
119 1281 262 1319 autem
293 1293 379 1319 non
410 1278 495 1319 nisi
527 1281 614 1319 tres
649 1278 764 1319 solas
798 1277 955 1318 habere
987 1281 1223 1319 noscuntur
1241 1277 1467 1332 Aspabota

119 1340 161 1378 et
194 1336 441 1378 Chauriana
473 1339 515 1377 et
548 1336 673 1390 Saga.

237 1396 304 1437 64.
348 1395 477 1436 Vltra
520 1395 624 1436 haec
668 1396 891 1448 utriusque
937 1394 1136 1448 Scythiae
1181 1395 1275 1436 loca
1318 1398 1467 1437 contra

118 1454 371 1495 orientalem
407 1454 584 1508 plagam
622 1454 666 1494 in
697 1454 813 1494 orbis
854 1454 1038 1507 speciem
1077 1456 1297 1494 consertae
1335 1454 1466 1495 celso-

115 1527 211 1553 rum
245 1526 453 1567 aggerum
486 1512 758 1553 summitates
792 1512 989 1553 ambiunt
1022 1511 1146 1553 Seras
1173 1512 1371 1553 ubertate
1402 1527 1466 1553 re-

63 1583 98 1609 25
117 1571 296 1625 gionum
340 1575 382 1612 et
422 1571 704 1624 amplitudine
737 1571 1081 1624 circumspectos,
1126 1571 1178 1611 ab
1212 1571 1465 1613 occidentali

116 1630 250 1671 latere
296 1629 468 1684 Scythis
514 1630 723 1681 adnexos,
773 1644 798 1670 a
842 1629 1131 1682 septentrione
1176 1632 1219 1670 et
1263 1629 1465 1672 orientali

114 1689 292 1730 niuosae
325 1688 547 1730 solitudini
568 1688 864 1729 cohaerentes:
898 1703 982 1742 qua
1013 1688 1236 1729 meridiem
1268 1691 1464 1742 spectant

116 1748 168 1788 ad
212 1762 346 1802 usque
384 1747 551 1787 Indiam
596 1750 816 1800 porrectos
856 1750 900 1788 et
937 1746 1128 1800 Gangen.
1190 1747 1464 1800 appellantur

117 1809 262 1847 autem
293 1806 453 1846 ibidem
485 1809 652 1846 montes
685 1806 859 1846 Anniba
892 1808 933 1845 et
954 1804 1189 1846 Auzacium
1222 1808 1263 1846 et
1289 1805 1464 1847 Asmira

204 1994 224 2023 2
237 1990 310 2023 iter
325 1990 359 2024 G
371 2001 439 2034 per
451 1990 565 2024 VPba
590 1990 717 2024 5intra
736 1990 769 2024 G
783 2001 871 2024 aura
886 1990 985 2023 intra
1003 1989 1070 2024 VP
1099 1994 1135 2023 11
1151 1991 1377 2034 poperantes
1395 1990 1463 2025 VP

115 2038 158 2068 14
174 2036 216 2068 ut
232 2034 401 2069 Iaxartae
422 2035 492 2069 GA
508 2034 603 2068 uitia
619 2036 724 2069 xarte
746 2035 814 2070 VP
863 2039 903 2069 15
920 2035 1026 2068 Hom.
1046 2034 1098 2069 Il.
1118 2035 1160 2068 N
1174 2038 1194 2068 6
1227 2038 1267 2068 16
1287 2032 1460 2073 ΓὰὰΚΤΟ

119 2079 197 2122 [Zac.
225 2082 268 2113 15
285 2079 369 2123 litt]
391 2076 554 2117 ΦὸΤωΝ
580 2079 614 2113 V
628 2077 996 2117 ΓὰλὰΚΤΟΦὸΓωΝ
1016 2079 1053 2113 Ρ
1071 2080 1162 2116 (sine
1179 2080 1261 2120 lac.)
1310 2081 1377 2114 *τε
1403 2081 1461 2114 δι-

113 2121 327 2158 καιοτάτων
351 2125 418 2169 hya
442 2121 880 2162 ΤῑῙΔὸΚΑΙΟΤὰΤωΝΤ
910 2124 945 2157 V
966 2122 1401 2162 ΤΠΔΛΚὰΙΟΤΛΤωΝΤ
1425 2125 1462 2159 Ρ

114 2172 155 2203 19
179 2168 387 2212 Rhymmus
413 2172 445 2203 et
468 2169 604 2204 Daicus
628 2170 664 2203 A
701 2170 793 2212 (coll.
818 2169 930 2211 Ptol.)
966 2169 1155 2204 Roemuus
1191 2172 1224 2203 et
1253 2169 1401 2204 Talicus
1431 2169 1466 2202 V

114 2213 152 2247 et
176 2213 244 2257 bqa
268 2223 333 2247 om.
358 2214 461 2248 codd.
546 2218 588 2248 22
614 2220 655 2248 ut
678 2214 855 2259 priusque
885 2214 998 2249 VPba
1089 2217 1132 2248 25
1157 2214 1203 2248 ab
1237 2213 1462 2248 occidentali

112 2277 154 2282 —
179 2262 223 2293 28
253 2259 442 2302 porrectos
467 2269 533 2295 om.
558 2259 615 2293 Pb
708 2263 749 2293 ‘27
775 2259 927 2293 niuosae
956 2259 989 2294 G
1019 2269 1130 2293 uosae
1161 2258 1227 2292 VA
1319 2263 1361 2293 29
1392 2258 1459 2292 ibi-

113 2301 200 2336 dem
234 2303 411 2338 Mamzert
446 2303 547 2338 idem
583 2304 686 2338 codd.
756 2304 905 2338 Anniba
939 2304 975 2339 A
1006 2303 1142 2338 anniua
1167 2303 1269 2338 codd.
1305 2303 1394 2337 Aria
1418 2304 1461 2348 by

67 2394 69 2396 q
111 2347 315 2382 Auzacium
339 2350 469 2392 scripsi
493 2349 585 2391 (coll.
608 2349 723 2392 Ptol.)
753 2348 987 2383 nazauicium
1011 2349 1115 2384 codd.
