1573 2508
115 89 171 132 60
629 79 693 115 xv
721 83 752 122 5,
778 82 821 113 33
846 96 887 102 -
912 79 944 118 6,
968 78 989 108 4

119 197 299 239 quorum
337 179 536 222 inretitus
575 180 641 215 est
671 174 844 226 absens,
881 174 928 212 ut
965 167 1074 210 tueri
1114 165 1252 221 possit
1283 162 1466 204 salutem

120 243 173 285 ad
193 239 407 296 praesidia
427 248 679 291 progressus
701 234 901 273 extrema.
934 228 1002 269 33.
1033 226 1136 267 licet
1154 223 1267 265 enim
1287 221 1342 263 ob
1362 223 1469 262 tem-

120 301 332 356 pestiuam
364 297 485 337 illam
519 306 613 335 cum
647 289 876 332 armaturis
908 285 1196 341 proditionem
1228 283 1324 323 ante
1356 279 1468 321 Mur-

122 374 244 400 sense
264 355 476 412 proelium
499 352 740 405 obligatum
773 346 913 401 gratia
934 344 1139 386 retineret
1159 338 1470 391 Constantium,

123 424 170 459 ut
201 416 377 457 dubium
407 416 552 455 tamen
584 413 620 452 et
650 407 903 450 mutabilem
929 403 1169 454 uerebatm,
1201 399 1303 440 licet
1334 396 1469 451 patris
1489 405 1509 431 ⁵

124 490 292 531 quoque
312 472 458 514 Boniti
491 468 790 525 praetenderet
821 464 950 505 fortia
980 461 1095 502 facta
1116 457 1268 500 Franci
1290 455 1473 510 quidem,

126 535 198 576 sed
242 547 318 588 pro
362 528 632 572 Constantini
677 525 869 579 partibus
914 523 959 562 111
1002 519 1117 561 bello
1157 516 1274 558 ciuili
1318 513 1473 556 acriter

127 595 277 635 contra
307 590 553 632 Licinianos
592 599 718 638 saepe
757 581 928 623 uersati.
992 579 1059 620 34.
1099 577 1300 618 euenerat
1332 576 1473 614 autem

128 655 358 705 antequam
390 648 515 689 huius
549 643 662 685 modi
695 640 855 695 aliquid
889 639 1125 692 agitaretur
1157 636 1200 676 in
1233 631 1400 684 Galliis,
1433 633 1477 671 ut

127 711 290 752 Romae
323 709 367 749 in
400 707 523 747 (sirco
556 703 743 744 maximo
776 696 1277 753 1101311111S,—i11ce1·tum
1310 689 1476 731 ratione
1496 698 1533 725 10

129 768 312 823 quadam
350 765 536 820 percitus
577 777 629 803 an
671 757 897 814 praesagio
936 780 990 785 —
1029 753 1247 795 ‘Siluanus
1285 748 1477 790 deuictus

132 828 212 868 est'
246 825 413 879 magnis
445 822 622 864 uocibus
655 818 924 860 exclamaret.

252 884 319 926 35.
364 883 504 937 Igitur
543 880 719 921 Siluano
758 873 1042 929 Agrippinae,
1086 874 1133 911 ut
1176 869 1359 910 relatum
1405 868 1481 918 est,

133 944 358 985 interfecto
380 937 686 983 inaestimabili
707 934 862 990 gaudio
884 947 928 973 re
950 930 1122 985 cognita
1141 927 1339 982 princeps
1371 923 1481 964 inso-

134 1003 267 1044 lentia
301 1001 481 1042 coalitus
514 1001 556 1038 et
592 1000 776 1046 tumore,
814 992 893 1033 hoc
927 1004 1094 1044 quoque
1126 984 1348 1028 felicita-tis
1382 995 1482 1023 suae
1503 989 1538 1018 15

138 1061 352 1115 prosperis
393 1057 585 1100 cursibus
625 1052 883 1107 adsignabat
926 1063 975 1090 eo
1013 1061 1149 1099 more,
1188 1059 1270 1098 quo
1316 1053 1483 1094 semper

138 1120 288 1161 oderat
306 1118 477 1159 fortiter
497 1114 715 1166 facientes,
746 1115 794 1152 ut
813 1108 1027 1164 quondam
1048 1103 1334 1154 Domitianus,
1365 1112 1485 1153 Supe-

139 1193 231 1220 rare
252 1181 398 1218 tamen
430 1185 694 1229 quacumque
719 1173 810 1212 arte
831 1165 1047 1209 contraria
1067 1162 1276 1218 cupiebat.
1308 1158 1376 1200 36.
1395 1161 1486 1198 tan-

139 1243 314 1290 tumque
343 1234 482 1276 abfuit
513 1231 686 1274 laudare
718 1226 926 1270 industrie
959 1226 1093 1279 gesta,
1124 1225 1172 1263 ut
1203 1220 1333 1261 etiam
1365 1230 1488 1271 quae·

139 1297 237 1337 dam
270 1294 476 1335 scriberet
506 1291 556 1332 de
589 1287 824 1330 Gallicanis
856 1285 1095 1336 intercepta
1125 1277 1351 1330 thesauris,
1383 1288 1488 1330 quos
1508 1274 1558 1316 ὀἱ

142 1368 266 1396 nemo
307 1352 525 1405 attigerat.
587 1347 712 1401 idque
753 1343 933 1387 scrutari
972 1342 1157 1382 iusserat
1194 1337 1328 1379 artius
1363 1335 1491 1376 inter—

141 1416 297 1467 rogato
346 1409 546 1462 Remigio
598 1406 727 1447 etiam
783 1408 875 1444 tum
925 1398 1158 1442 rationario
1209 1391 1491 1449 apparitionis

145 1484 362 1513 armorum
390 1466 601 1522 magistri,
634 1465 700 1505 cui
733 1462 870 1503 multo
890 1462 1041 1514 postea
1060 1452 1358 1498 Valentiniani
1388 1455 1493 1492 tem-

144 1530 320 1584 poribus
359 1528 536 1581 laqueus
575 1525 709 1565 uitam
746 1522 791 1562 in
830 1533 956 1561 causa
988 1515 1283 1569 Tripolitanae
1316 1509 1494 1565 legatio·
1557 1557 1562 1564 ,

147 1589 213 1629 nis
246 1587 416 1640 eripuit.
461 1585 529 1625 37.
561 1585 659 1637 post
691 1594 797 1635 quae
831 1579 891 1619 ita
923 1575 1121 1629 conpleta
1141 1569 1417 1615 Constantius
1448 1571 1497 1609 ut
1515 1575 1552 1604 2⁵

149 1648 235 1688 iam
269 1645 386 1687 caelo
421 1643 645 1695 contiguus
684 1639 937 1690 casibusque
975 1635 1262 1687 imperaturus
1299 1625 1497 1670 humanis

149 1702 520 1758 magniloquentia
559 1699 814 1740 sufflabatur
847 1695 1135 1741 adulatorum,
1175 1703 1281 1744 quos
1313 1685 1501 1740 augebat

149 1765 241 1818 ipse
263 1761 499 1816 spernendo
534 1756 862 1813 proiciendoque
889 1753 929 1794 id
963 1765 1096 1806 genus
1124 1762 1273 1802 parum
1294 1745 1498 1787 callentes
1556 1752 1562 1802 ’ἑ

151 1826 200 1864 ut
219 1822 422 1863 Croesum
457 1818 641 1872 legimus
674 1815 768 1855 ideo
801 1826 934 1865 regno
968 1824 1044 1850 suo
1067 1807 1267 1850 Solonem
1288 1803 1501 1858 expulisse
1555 1806 1562 1852 j

152 1879 434 1935 praecipitem
467 1877 567 1932 quia
597 1873 783 1916 blandiri
816 1869 1047 1922 nesciebat,
1079 1869 1122 1907 et
1153 1862 1410 1918 Dionysium
1441 1860 1558 1911 in-zi⁴

153 1942 342 1980 tentasse
381 1939 532 1991 poetae
572 1933 811 1975 Philoxeno
850 1931 1032 1970 mortem
1065 1939 1158 1966 011111
1192 1937 1287 1965 011111
1324 1921 1503 1962 recitan-
1547 1915 1563 1969 *¹:1¹

154 2003 239 2038 tem
282 1996 477 2050 proprios
510 2007 658 2035 uersus
697 1989 903 2032 absurdos
937 1990 980 2027 et
1019 1983 1293 2026 inconcinnos
1332 1977 1503 2021 laudan—
1544 1966 1562 2034 ξ

155 2056 271 2097 tibus
293 2054 455 2095 cunctis
477 2052 593 2093 solus
616 2049 781 2091 audiret
813 2044 1059 2088 immobilis
1092 2042 1159 2084 38.
1186 2054 1293 2095 quae
1312 2052 1380 2079 res
1412 2050 1504 2090 per·
1547 2040 1553 2050 '

1552 507 1557 524 -
1524 0 1559 472 *Maassz-a-'fiem

247 2185 267 2215 5
293 2182 331 2215 et
354 2191 419 2216 om.
453 2177 482 2211 V
574 2180 592 2210 G
621 2175 740 2219 frangi
766 2172 919 2218 quidem
950 2169 1053 2205 VAP
1077 2178 1142 2203 om.
1169 2167 1212 2211 by
1301 2166 1348 2198 ‘9
1372 2164 1416 2196 ut
1438 2171 1504 2195 om.

162 2227 299 2270 VPbya
393 2229 430 2258 11
459 2222 633 2256 deuictus
659 2220 715 2254 est
741 2219 773 2253 G
801 2216 902 2251 deuii
927 2216 985 2250 est
1013 2213 1080 2248 VP
1173 2215 1213 2245 13
1239 2208 1447 2255 agripinam
1477 2203 1512 2240 V

158 2276 203 2307 24
226 2271 382 2314 laqueus
409 2268 479 2302 GA
504 2266 606 2300 lacus
636 2263 725 2299 VPb
778 2267 821 2297 ‘25
847 2259 973 2305 erupit
1000 2257 1068 2293 VP
1093 2256 1194 2301 rupit
1220 2254 1254 2289 G
1300 2256 1341 2288 27
1366 2263 1403 2286 m
1482 2250 1510 2283 i-

158 2314 355 2360 loquentia
378 2313 475 2348 fastu
505 2321 550 2345 ue
577 2310 643 2354 byn
697 2312 740 2342 ‘29
766 2316 964 2348 cruessum,
984 2303 1015 2338 V
1066 2310 1201 2347 regnos
1226 2297 1419 2334 suolonem
1473 2292 1511 2328 P
1558 2308 1564 2320 ·

159 2365 202 2396 30
226 2360 412 2395 intentare
442 2356 495 2391 V]
511 2356 552 2399 by
1545 2337 1558 2366 r*
