1614 2549
381 98 721 133 CONSTANTIVS
747 98 809 132 ET
836 98 1026 133 GALLVS
1054 103 1121 134 353
1401 98 1426 138 7

72 195 174 251 quid
194 193 390 236 Caesaris
423 194 762 248 inplacabilitati
794 195 988 248 sedisset,
1020 195 1062 235 id
1094 195 1214 236 uelut
1245 195 1312 236 fas
1342 197 1429 237 ius—

73 268 153 309 que
172 268 431 307 perpensum
458 253 688 294 confestim
712 254 950 307 urgebatur
975 253 1159 307 impleri.
1199 253 1237 295 6.
1259 255 1426 308 excogi-

71 315 213 354 tatum
245 314 310 353 est
343 326 470 366 super
500 311 587 365 his,
625 314 673 353 ut
704 312 899 353 homines
934 312 1108 366 quidam
1139 312 1297 366 ignoti,
1330 313 1425 353 uili-

71 374 162 413 tate
194 371 290 424 ipsa
320 386 473 424 parum
511 370 688 411 cauendi
727 371 780 411 ad
818 371 1084 425 colligendos
1123 385 1316 412 rumores
1349 386 1424 425 per

38 442 54 468 5
73 429 332 471 Antiochiae
377 430 515 471 latera
553 432 706 470 cuncta
744 429 1063 470 destinarentur
1094 430 1275 471 relaturi
1315 444 1423 484 quae

20 739 53 764 10

19 1032 52 1059 15

17 1327 52 1352 20

73 488 279 530 audirent.
328 488 375 529 hi
394 490 676 542 peragranter
695 490 739 528 et
770 487 1094 529 dissimulanter
1112 487 1425 530 honoratorum

72 547 242 588 circulis
275 547 522 588 adsistendo
554 546 912 600 peruadendoque
933 546 1088 587 diuites
1115 546 1266 587 domus
1300 560 1424 601 egen-

71 606 181 646 tium
211 605 365 646 habitu
397 605 599 659 quicquid
636 619 811 646 noscere
843 608 1046 659 poterant
1083 605 1152 646 uel
1186 605 1331 646 audire
1364 605 1424 646 la-

71 666 212 706 tenter
249 664 490 705 intromissi
525 679 602 718 per
639 665 828 717 posticas
866 664 911 704 in
948 664 1114 718 regiam
1151 664 1424 717 nuntiabant,

72 723 114 764 id
164 723 443 764 obseruantes
489 723 805 776 conspiratione
857 723 1072 775 concordi,
1120 725 1168 764 ut
1212 722 1424 777 fingerent

72 781 282 836 quaedam
313 784 356 822 et
388 782 562 835 cognita
595 781 864 835 duplicarent
896 782 942 822 in
972 782 1106 835 peius,
1140 781 1287 822 laudes
1321 796 1423 822 uero

71 840 386 894 supprimerent
426 839 641 892 Caesaris,
686 854 791 894 quas
831 840 980 881 inuitis
1020 840 1296 893 conpluribus
1341 839 1424 881 for-

71 899 185 940 mido
201 899 414 940 malorum
427 899 752 952 inpendentium
767 899 1047 952 exprimebat.
1095 899 1131 939 7.
1153 900 1196 939 et
1209 898 1424 939 interdum

73 957 295 1011 acciderat,
327 960 375 998 ut
406 957 547 1012 siquid
578 958 624 998 in
642 957 855 1011 penetrali
877 960 1040 998 secreto
1061 957 1181 998 nullo
1210 957 1423 998 citerioris

71 1016 187 1057 uitae
218 1016 418 1057 ministro
450 1019 677 1070 praesente
709 1016 1023 1070 paterfamilias
1057 1016 1181 1057 uxori
1209 1030 1423 1057 susurras-

72 1078 138 1116 set
169 1075 214 1115 in
246 1089 409 1127 aurem,
442 1075 561 1117 uelut
592 1075 861 1128 Amphiarao
894 1075 1105 1116 referente
1140 1077 1215 1115 aut
1245 1074 1423 1128 Marcio,

72 1133 287 1187 quondam
317 1134 490 1175 uatibus
522 1134 699 1186 inclitis,
730 1133 938 1187 postridie
959 1133 1143 1174 disceret
1175 1133 1423 1186 imperator.

70 1192 249 1246 ideoque
283 1192 415 1233 etiam
458 1193 645 1246 parietes
685 1206 939 1233 arcanorum
985 1192 1067 1233 soli
1105 1192 1266 1233 conscii
1302 1191 1424 1232 time-

70 1251 239 1292 bantur.
303 1252 341 1293 8.
368 1251 644 1292 adulescebat
677 1254 821 1292 autem
853 1251 1122 1292 obstinatum
1153 1250 1424 1304 propositum

73 1323 177 1364 erga
208 1309 314 1350 haec
336 1312 378 1350 et
411 1310 571 1350 similia
603 1310 741 1350 multa
774 1309 1015 1362 scrutanda,
1049 1309 1247 1350 stimulos
1282 1309 1424 1350 admo-

23 1400 28 1404 .
72 1371 198 1409 uente
230 1368 398 1422 regina,
438 1383 546 1422 quae
580 1368 762 1422 abrupte
800 1368 948 1409 mariti
984 1367 1182 1409 fortunas
1221 1367 1424 1408 trudebat

17 1619 51 1645 25

17 1913 52 1940 30

71 1427 116 1467 in
148 1427 326 1468 exitium
357 1441 575 1480 praeceps,
608 1441 703 1468 cum
736 1442 832 1468 eum
860 1426 1005 1480 potius
1038 1426 1217 1467 lenitate
1238 1426 1424 1467 feminea

72 1485 124 1526 ad
156 1485 353 1526 ueritatis
385 1485 755 1540 humanitatisque
794 1486 910 1526 uiam
942 1485 1141 1526 reducere
1173 1484 1300 1526 utilia
1333 1499 1425 1526 sua-

70 1544 205 1585 dendo
244 1544 434 1597 deberet,
475 1547 523 1585 ut
561 1544 606 1584 in
638 1543 953 1585 Gordianorum
992 1544 1160 1585 actibus
1198 1543 1423 1585 factitasse

72 1602 299 1644 Maximini
329 1603 565 1644 truculenti
604 1602 724 1644 illius
762 1603 1037 1656 imperatoris
1059 1602 1305 1643 rettulimus
1328 1616 1424 1643 con-

70 1661 226 1715 iugem.

188 1720 228 1761 9.
247 1719 375 1762 Nouo
390 1720 571 1774 denique
590 1720 918 1774 perniciosoque
933 1720 1128 1774 exemplo
1144 1720 1258 1761 idem
1272 1718 1424 1760 Gallus

72 1793 200 1820 ausus
247 1781 312 1820 est
356 1779 464 1820 inire
508 1779 724 1833 flagitium
769 1792 920 1833 graue,
965 1779 1077 1833 quod
1120 1778 1284 1820 Romae
1330 1792 1426 1819 cum

71 1837 225 1878 ultimo
258 1837 462 1879 dedecore
494 1840 732 1891 temptasse
754 1838 985 1892 aliquando
1010 1838 1167 1878 dicitur
1188 1836 1425 1888 Gallienus,

73 1899 116 1936 et
148 1896 354 1937 adhibitis
393 1896 542 1950 paucis
576 1896 688 1938 clam
725 1897 839 1938 ferro
874 1896 1101 1937 succinctis
1140 1895 1311 1949 uesperi
1350 1910 1427 1948 per

71 1955 274 1996 tabernas
306 1954 540 2009 palabatur
563 1958 606 1996 et
638 1956 812 2009 conpita
840 1954 1121 2009 quaeritando
1143 1953 1307 1995 Graeco
1342 1968 1427 1994 ser-

71 2028 214 2067 mone,
258 2014 376 2055 cuius
415 2016 507 2055 erat
551 2014 751 2067 inpendio
791 2027 968 2067 gnarus,
1013 2013 1114 2067 quid
1152 2012 1202 2053 de
1241 2011 1426 2054 Caesare

161 2170 190 2217 5.
218 2142 436 2217 anteochiae
479 2167 512 2201 V
550 2212 557 2218 υ
590 2211 597 2217 ·
616 2171 636 2201 6
671 2168 918 2212 peragranter
947 2167 1028 2217 'bycz-
1053 2167 1312 2217 meragranter
1343 2165 1420 2216 ‚VP

71 2215 118 2246 *7
155 2211 293 2246 dlmtes
322 2211 485 2257 V¹Pb9a
522 2212 682 2246 diuitum
712 2211 758 2245 V²
852 2216 893 2246 14
924 2213 1143 2246 citerior-leis
1180 2211 1212 2245 V
1245 2212 1418 2245 citeriore

73 2289 152 2324 eius
188 2290 266 2334 bya.
360 2294 401 2325 15
426 2265 617 2324 ilsulasset
644 2290 679 2323 V
766 2294 810 2325 20
835 2289 1035 2324 scrutanda
1058 2289 1196 2324 Hori-el
1233 2289 1425 2323 scrutandi

76 2333 181 2368 VAP
204 2334 379 2369 seruandi
403 2335 446 2380 by
515 2338 582 2369 *21
610 2335 792 2379 abruptae
823 2334 890 2369 VP
960 2338 1003 2369 27
1030 2334 1200 2379 exemplo
1230 2354 1265 2361 -
1292 2338 1336 2368 ⁴28
1362 2333 1427 2367 fla-

75 2379 210 2423 gitium
234 2379 321 2414 aad.
352 2379 413 2413 VL'l
