1573 2508
148 64 234 107 302
617 68 719 105 XXII
747 74 799 114 15,
826 74 971 115 31—16,
999 78 1041 110 10

146 159 386 214 parietibus
424 163 647 206 uolucrum
685 166 956 225 ferarumque
994 185 1153 227 genera
1183 177 1321 220 multa
1358 181 1496 236 sculp-

147 223 306 273 serunt,
339 224 382 261 et
414 221 524 263 alius
558 225 720 278 species
753 226 997 272 inmmieras
1029 234 1186 289 mundi,
1219 250 1323 291 quas
1354 237 1495 283 hiero·

146 278 373 331 graphicas
406 279 575 323 litteras
609 285 885 338 appellarunt
899 321 1120 333 ..........

263 337 330 378 31.
352 337 463 380 Dein
496 339 647 396 Syene,
678 344 722 385 in
749 359 832 399 qua
865 348 1043 391 solstitii
1076 353 1281 408 tempore,
1313 370 1396 410 quo
1424 358 1490 400 sol

144 396 356 438 aestiuum
389 412 558 440 cursum
579 403 781 458 extendit,
813 408 928 448 recta
949 409 1093 450 omnia
1115 411 1353 456 ambientes
1378 417 1490 460 radii

143 454 344 496 excedere
376 456 483 511 ipsis
517 462 766 514 corporibus
798 465 972 507 umbras
992 481 1078 510 non
1111 469 1267 512 sinunt.
1329 473 1427 516 inde
1451 477 1491 519 si

142 513 336 567 stipitem
368 517 593 572 quisquam
626 520 768 562 fixerit
800 527 963 566 rectum
984 527 1053 569 uel
1086 527 1305 572 hominem
1325 536 1399 575 aut
1425 549 1490 577 ar-

140 571 289 613 borem
321 574 480 616 uiderit
505 579 704 634 stantem,
737 581 849 623 circa
881 583 1239 629 lineamentorum
1271 590 1387 644 ipsas
1420 608 1488 636 ex-

137 632 381 674 tremitates
414 638 778 691 contemplabitur
810 642 985 685 umbras
1018 646 1200 702 absumi,
1232 649 1343 691 sicut
1375 652 1485 707 apud

137 688 313 732 Meroen
350 692 608 749 Aethiopiae
650 702 817 751 partem
856 703 1160 756 aequinoctiali
1193 706 1353 752 circulo
1390 725 1485 765 pro·
1505 728 1542 754 ιο

135 748 295 790 ximam
327 750 484 794 dicitur
517 757 697 811 euenire,
729 759 802 800 ubi
833 774 911 814 per
940 766 1180 820 nonaginta
1199 765 1288 808 dies
1308 770 1486 815 umbrae
1554 823 1563 835 ·

134 808 294 849 nostris
332 810 379 851 in
410 814 670 856 contrarium
704 817 870 873 cadunt,
902 822 1011 864 unde
1043 823 1263 868 Antiscios
1296 830 1385 871 eius
1424 831 1484 874 in·
1547 873 1560 883 ,,

134 865 251 908 colas
284 874 452 911 uocant.
514 872 581 913 32.
604 889 711 928 quae
744 879 944 931 quoniam
975 883 1183 927 miracula
1216 887 1350 930 multa
1383 893 1484 933 stmt

134 927 327 978 opusculi
348 930 485 970 nostri
517 934 788 986 propositum
809 940 1067 996 excedentia,
1100 944 1153 986 ad
1172 945 1347 1001 ingenia
1367 949 1483 992 celsa

130 997 345 1040 paramus,
376 1001 512 1040 pauca
544 1006 670 1045 super
700 996 936 1047 prouinciis
969 1005 1195 1045 narraturi.
1499 1021 1534 1049 1⁵

250 1042 318 1086 16.
357 1047 390 1086 1.
425 1046 529 1089 Tres
562 1052 806 1103 prouincias
838 1055 1064 1112 Aegyptus
1104 1062 1238 1105 fertur
1275 1064 1479 1110 habuisse

130 1103 398 1156 temporibus
430 1107 596 1162 priscis,
628 1110 878 1166 Aegyptum
904 1116 1041 1170 ipsam
1075 1123 1117 1161 et
1138 1120 1401 1167 Thebaidem
1434 1129 1478 1169 et

128 1158 324 1216 Libyam,
364 1164 518 1218 quibus
556 1167 659 1210 duas
699 1171 854 1214 adiecit
894 1178 1141 1233 posteritas,
1179 1180 1231 1222 ab
1270 1181 1475 1239 Aegypto

128 1218 515 1274 Augustamnicam
556 1230 599 1268 et
631 1227 906 1284 Pentapolim
945 1250 970 1276 a
1002 1235 1141 1292 Libya
1181 1241 1355 1283 sicciore
1393 1242 1476 1286 dis-

125 1281 334 1330 paratam.
1493 1317 1528 1343 20

244 1338 283 1379 2.
326 1339 468 1395 Igitur
513 1343 701 1388 Thebais
746 1350 905 1392 multas
950 1353 1062 1395 inter
1105 1357 1231 1399 urbes
1271 1358 1473 1404 clariores

125 1394 221 1436 aliis
255 1396 552 1455 Hermopol.m
584 1404 716 1448 habet
749 1411 791 1449 et
823 1408 992 1465 Copton
1029 1417 1072 1454 et
1103 1415 1306 1472 Antinou,
1344 1433 1473 1474 quam

122 1451 366 1499 Hadrianus
410 1460 454 1501 in
499 1461 706 1506 honorem
739 1466 919 1511 Antinoi
963 1471 1117 1526 ephebi
1156 1476 1345 1519 condidit
1387 1479 1471 1521 sui:

122 1511 446 1571 hecatompylos
480 1521 591 1563 enim
625 1523 796 1567 Thebas
828 1541 953 1570 nemo
986 1531 1171 1585 ignorat.

239 1575 278 1616 3.
312 1576 361 1618 In
380 1578 723 1633 Augustamnica
743 1584 963 1629 Pelusium
991 1594 1056 1632 est
1076 1592 1278 1646 oppidum
1310 1595 1469 1652 nobile,
1488 1609 1523 1637 25

121 1633 232 1685 quod
265 1633 417 1678 Peleus
451 1638 635 1682 Achillis
668 1646 790 1696 pater
823 1645 978 1689 dicitur
1011 1650 1262 1707 condidisse,
1293 1653 1469 1697 lustrari

119 1690 292 1734 deorum
331 1697 497 1739 monitu
537 1699 678 1741 iussus
719 1702 762 1743 in
802 1704 908 1759 lacu,
947 1707 1018 1761 qui
1053 1709 1242 1753 eiusdem
1275 1713 1467 1756 ciuitatis

119 1749 254 1792 adluit
286 1755 468 1810 moenia,
507 1772 600 1799 cum
642 1765 741 1813 post
778 1763 1051 1808 interfectum
1083 1768 1261 1811 fratrem
1293 1772 1466 1815 nomine

117 1807 304 1852 Phocum
338 1812 562 1857 horrendis
595 1818 804 1862 furiarum
836 1823 1096 1878 imaginibus
1129 1833 1383 1886 raptaretur,
1421 1833 1465 1873 et

116 1868 325 1924 (.'assiuln,
356 1872 428 1914 ubi
463 1874 640 1931 Pompei
675 1881 915 1933 sepulcrum
949 1887 1013 1926 est
1045 1884 1211 1943 Magni,
1243 1891 1286 1930 et
1318 1888 1463 1934 Ostra·
1481 1902 1517 1930 80

114 1927 206 1968 cine
239 1932 282 1969 et
313 1929 623 1977 Rhinocorura.

1540 1576 1559 1675 ²3·

204 2052 222 2082 ‘2
249 2053 286 2082 et
311 2051 404 2085 alius
429 2056 573 2098 species
599 2057 812 2094 innumeras
836 2062 965 2096 mundi
990 2065 1122 2109 scripsi
1146 2066 1204 2109 (cs.
1226 2067 1329 2106 Gomf.
1353 2080 1458 2109 amm.

104 2102 145 2136 p.
162 2094 222 2133 23)
241 2096 279 2128 et
295 2096 512 2133 animalium
532 2102 673 2145 species
692 2104 904 2140 innumeras
921 2108 1057 2144 multas
1075 2111 1177 2146 codd.
1247 2117 1267 2147 3
1293 2114 1457 2159 appella-

110 2141 197 2171 runt
217 2139 467 2187 [l‹1‹·.201itt.]
494 2145 558 2180 VI’
605 2151 623 2181 6
650 2148 680 2181 si
704 2149 790 2183 adel.
821 2151 855 2184 G
904 2156 943 2186 12
969 2156 1116 2189 nostrae
1141 2158 1366 2193 contrarium
1390 2159 1458 2195 VP

114 2185 153 2216 13
178 2184 265 2217 sunt
290 2186 327 2218 ct
351 2186 483 2231 Haupt
562 2195 602 2225 17
627 2192 845 2229 thebaidam
878 2196 1011 2243 VI'bqa
1094 2204 1134 2235 19
1167 2201 1394 2246 disparatam
1421 2205 1455 2239 G

108 2259 334 2315 dissoratam.
352 2264 384 2297 V
453 2268 524 2302 *23
551 2248 678 2307 antimi
707 2242 825 2320 refebit
849 2274 882 2309 V
902 2277 1056 2312 Antinoi
1081 2289 1099 2313 e
1129 2278 1216 2314 hebi
1239 2281 1275 2315 A
1300 2282 1453 2318 Antinoi

109 2305 166 2340 Pb
281 2320 336 2343 sui
363 2312 462 2355 apud
497 2313 561 2348 VP
676 2322 718 2354 ‘24
749 2332 858 2356 nemo
897 2322 1046 2367 ignorat
1110 2328 1201 2369 aupt
1232 2336 1452 2371 magnorum

107 2360 146 2385 co
170 2351 210 2387 d.
237 2351 409 2391 lacunam
434 2357 620 2395 indicauit
644 2361 824 2409 Eyssenh.
