1614 2549
658 4 682 33 Ο

346 89 687 127 CONSTANTIVS
710 91 775 126 ET
799 90 1030 127 IVLIANVS
1054 96 1119 128 359
1328 95 1407 136 179

57 186 157 228 dum
189 185 318 240 anxii,
350 200 403 226 ne
435 185 542 226 urbe
574 185 717 227 excisa
747 185 831 240 ipsi
864 200 1032 241 quoque
1064 186 1155 228 sine
1189 186 1277 229 ullo
1312 202 1404 242 spe·

57 245 174 286 cioso
206 244 393 286 facinore
413 243 650 299 deleantur,
670 246 744 285 aut
763 247 891 286 exuta
909 245 1112 299 periculis
1132 245 1243 287 nihil
1263 246 1405 301 egisse

56 317 209 357 operae
246 302 434 357 pretium
470 316 548 356 pro
582 303 939 357 magnanimitate
972 303 1140 346 Gallica
1171 318 1406 347 memoren-

55 365 138 416 tur,
178 362 280 403 licet
318 364 446 403 antea
483 375 609 415 saepe
648 363 811 416 egressi
844 365 1163 418 structoresque
1197 377 1404 418 aggerum

20 437 37 463 5
57 420 266 462 confossis
289 420 544 475 quibusdam
569 420 775 475 impedire
797 422 951 475 conati,
982 422 1105 476 paria
1123 423 1405 476 pertulerunt.

173 479 211 520 5.
255 479 411 533 Inopes
454 493 532 520 nos
578 479 748 520 consilii
797 483 840 521 et
884 480 985 534 quid
1028 482 1187 534 opponi
1231 482 1405 523 deberet

55 538 345 579 saeuientibus
390 537 658 591 ambigentes
702 538 746 579 id
790 538 1064 592 potissimum
1101 553 1229 594 aegre
1266 540 1403 582 isdem

55 596 393 638 adsentientibus
425 596 599 637 tandem
619 597 827 651 elegimus
849 600 908 652 ut,
941 598 1144 652 quoniam
1164 598 1281 639 ultra
1300 599 1404 640 ferri

53 669 140 696 non
169 657 382 709 poterant,
412 655 631 709 paulisper
664 657 823 697 morati
855 656 1069 698 custodias
1103 657 1281 711 adgredi
1310 672 1403 711 per-

0 732 34 757 10
54 714 328 755 mitterentur
359 714 554 767 hostiles,
587 729 692 769 quae
724 730 812 756 non
842 715 992 769 procul
1014 718 1137 756 erant
1157 731 1182 756 a
1208 716 1403 758 coniectu

53 772 219 814 locatae
258 773 462 827 telorum,
501 775 549 814 ut
588 774 649 815 eis
687 774 905 828 perruptis
943 778 1174 828 pergerent
1213 789 1402 828 prorsus.

52 832 289 886 apparebat
322 832 436 873 enim
468 846 552 886 eOS,
586 833 622 873 si
654 833 954 887 inpetrassent,
993 835 1160 887 strages
1193 833 1402 875 maximas

54 890 258 931 edituros.
321 891 359 932 6.
398 905 505 944 quae
545 891 644 932 dum
681 894 905 946 parantur,
942 906 1018 945 per
1054 892 1176 933 uaria
1208 892 1403 933 certami-

51 963 153 989 num
191 962 350 1003 genera
387 949 718 990 defensabantur
756 951 914 991 acriter
951 950 1064 991 muri
1101 950 1324 992 laboribus
1358 954 1401 992 et

0 1025 32 1050 15
52 1007 216 1062 uigiliis
249 1010 291 1049 et
328 1008 555 1049 tormentis
589 1008 642 1049 ad
674 1009 909 1050 emittenda
940 1009 1122 1063 undique
1161 1024 1266 1050 saxa
1297 1010 1402 1051 tela-

52 1081 131 1120 que
164 1066 399 1120 dispositis.
461 1069 502 1107 et
524 1068 783 1121 expugnatio
805 1068 996 1109 ciuitatis
1029 1067 1276 1109 struebatur
1303 1083 1400 1122 ope-

48 1124 168 1167 ribus
200 1125 348 1166 lentis:
380 1125 462 1166 duo
494 1128 639 1167 tamen
671 1139 852 1180 aggeres
886 1127 990 1168 celsi
1020 1126 1249 1168 Persarum
1285 1127 1401 1181 pedi-

51 1187 143 1225 tum
172 1199 302 1225 manu
334 1184 481 1237 erecti,
515 1187 664 1226 contra
697 1199 802 1239 quos
834 1188 1084 1227 nostrorum
1116 1200 1283 1240 quoque
1323 1186 1399 1227 im-

48 1243 246 1296 pensiore
286 1257 387 1284 cura
423 1243 558 1284 moles
597 1244 894 1285 excitabantur
931 1244 1182 1298 altissimae,
1217 1244 1398 1298 fastigio

0 1319 31 1345 20
50 1301 254 1343 aduersae
274 1301 540 1343 celsitudinis
557 1305 773 1357 aequatae,
786 1306 1156 1357 propugnatorum
1175 1303 1245 1344 uel
1264 1303 1400 1345 nimia

49 1360 237 1414 pondera
269 1360 510 1402 duraturae.

169 1420 206 1460 7.
237 1418 356 1460 Inter
387 1419 493 1461 haec
525 1419 642 1461 Galli
673 1434 889 1462 morarum
933 1420 1208 1474 impatientes
1244 1421 1399 1462 securi-

49 1477 127 1519 bus
161 1478 401 1532 gladiisque
423 1478 627 1520 succincti
657 1479 877 1532 patefacta
908 1482 1007 1520 sunt
1033 1479 1198 1533 egressi
1216 1479 1398 1533 postica,

50 1537 282 1578 obseruata
312 1540 437 1579 nocte
471 1537 667 1592 squalida
687 1540 729 1578 et
762 1538 980 1591 interluni,
1012 1540 1184 1579 orantes
1211 1538 1397 1579 caeleste

0 1609 29 1635 125
48 1595 308 1649 praesidium
359 1599 407 1637 ut
448 1596 685 1650 propitium
729 1596 897 1638 adesset
947 1600 989 1638 et
1038 1597 1193 1638 libens.
1267 1599 1396 1650 atque

48 1654 190 1708 ipsum
223 1654 423 1708 spiritum
453 1655 735 1709 reprimentes
757 1670 852 1697 cum
883 1670 1016 1710 prope
1036 1655 1269 1709 uenissent,
1301 1669 1397 1697 con-

48 1712 150 1754 ferti
196 1713 340 1755 ualido
381 1728 507 1755 cursu
546 1714 800 1768 quibusdam
845 1714 1111 1756 stationariis
1155 1714 1396 1756 interfectis

0 1788 1 1818 l
49 1772 282 1813 exteriores
315 1775 555 1814 castrorum
586 1772 742 1827 uigiles
775 1776 822 1814 ut
854 1774 899 1815 in
929 1773 1049 1814 nullo
1081 1772 1162 1814 tali
1182 1776 1300 1814 metu
1333 1787 1397 1814 so-

46 1831 162 1884 pitos
183 1831 488 1873 obtruncantes
510 1832 784 1886 superuenire
805 1832 889 1886 ipsi
908 1832 1065 1886 regiae,
1092 1832 1129 1873 si
1148 1832 1397 1885 prosperior

3 1905 28 1930 ιο
47 1888 229 1930 iuuisset
260 1893 451 1944 euentus,
483 1891 649 1932 occulte
681 1891 1011 1932 meditabantur.
1074 1891 1112 1932 8.
1144 1905 1294 1931 uerum
1326 1905 1396 1931 au-

48 1947 137 1989 dito
177 1948 278 1989 licet
309 1949 396 1990 leui
427 1950 690 2003 reptantium
723 1950 865 1991 sonitu
897 1950 1144 2004 gemituque
1177 1963 1396 1990 caesorum

138 2158 157 2187 2
183 2153 380 2188 deleantur
406 2154 476 2189 ΘΑ
501 2154 710 2190 debeantur
739 2155 828 2189 VPb
895 2159 916 2189 4
940 2156 1081 2200 egressi
1097 2156 1166 2200 bya
1189 2157 1306 2200 gressi
1328 2156 1396 2191 VP

48 2202 66 2232 7
109 2198 319 2233 ambientes
364 2198 431 2234 VP
525 2203 564 2234 17
604 2199 678 2234 duo
723 2200 852 2234 tamen
891 2220 934 2225 —
973 2201 1088 2235 erecti
1132 2201 1204 2245 (18)
1251 2201 1290 2234 et
1333 2212 1394 2236 ex—

46 2243 228 2288 pugnatio
252 2245 328 2286 (16)
349 2262 388 2268 -
406 2244 582 2288 operibus
605 2244 717 2278 lentis
742 2246 816 2288 (16)
841 2245 945 2280 codd.
972 2246 1200 2290 transposuit
1216 2245 1395 2290 Eyssenh.

47 2291 89 2320 22
114 2288 354 2332 impatientes
379 2289 446 2334 bya
469 2288 662 2333 pacientes
690 2288 759 2324 VP
850 2294 893 2324 30
916 2290 1074 2325 iuuisset
1108 2290 1276 2326 Valesius
1314 2291 1394 2325 ibu-

48 2332 154 2366 sisset
188 2332 256 2367 VP
284 2333 468 2367 illuxisset
495 2333 529 2367 G
557 2333 648 2368 isset
678 2334 721 2368 ba
814 2339 854 2369 31
886 2334 963 2369 leui
992 2335 1225 2379 reptantium
1260 2336 1393 2380 Haupt

47 2377 217 2410 reuetem
247 2389 271 2421 p
303 2377 471 2412 dentium
508 2378 541 2412 V
568 2380 721 2423 reuetep
753 2378 922 2414 dentium
951 2379 988 2413 P
1016 2381 1206 2414 ruentium
1231 2382 1297 2426 hya
1351 2408 1358 2417 .

1112 2438 1181 2475 12²²-
