1573 2508
509 0 590 31 x
980 0 1065 76 [X

120 63 177 106 22
596 64 701 99 xnn
726 69 758 107 a.
785 67 826 99 ει
853 87 895 92 -
919 67 950 108 7,
977 70 997 102 ⁵
1074 71 1085 75 ⁴
1108 73 1119 85 =

1167 42 1174 44 >
1208 32 1227 45 Χ

121 160 341 213 tergentes
375 159 524 200 iac-tari
564 159 797 200 uolucriter
829 160 961 213 gyris,
998 160 1098 202 dum
1130 161 1374 215 exprimunt
1406 161 1466 204 in-

122 232 295 259 numera
330 218 572 270 simulacra,
604 232 711 272 quae
745 217 902 259 finxere
935 218 1105 260 fabulae
1138 218 1388 261 theatrales.

240 277 306 317 21.
340 276 451 318 Illud
472 279 614 317 autem
634 290 719 317 non
737 276 961 318 dubitatur
986 277 1098 332 quod
1131 292 1226 319 cum
1246 281 1360 320 esset
1390 278 1466 320 ali-

121 335 288 389 quando
323 335 529 376 uirtutum
562 335 752 376 omnium
784 335 1047 377 domicilium
1072 334 1223 389 Roma,
1254 336 1464 392 ingenuos
1570 387 1573 395 Ι

120 393 306 434 aduenas
332 394 524 448 plerique
545 393 767 447 nobilium,
799 396 846 435 ut
864 393 1084 435 Homerici
1103 394 1306 436 bacarum
1326 395 1466 437 suaui-
1483 405 1499 430 5
1564 398 1573 459 ff

119 455 209 492 tate
242 451 499 507 Lotophagi,
531 452 812 494 humanitatis
846 452 1185 494 multiformibus
1218 453 1371 495 officiis
1402 468 1465 496 re-

120 510 359 552 tentabant.
392 511 459 552 22.
486 526 596 553 nunc
618 525 718 552 uero
751 511 900 552 inanes
921 511 1047 552 flatus
1080 511 1346 566 quorundam
1378 512 1464 554 uile
1564 523 1573 558 l

120 583 212 610 esse
233 569 432 624 quicquid
466 573 586 611 extra
620 569 735 611 urbis
756 570 994 624 pomerium
1019 570 1211 612 nascitur
1231 570 1465 612 aestimant

119 630 289 681 praeter
323 628 450 669 orbos
484 632 525 669 et
558 628 756 682 caelibes,
797 643 873 669 nec
906 628 1020 670 credi
1052 631 1197 683 potest
1229 643 1313 683 qua
1344 629 1465 671 obse·
1569 623 1573 656 ⁴

121 687 314 740 ”puiorum
347 687 598 728 diuersitate
631 687 829 728 coluntur
860 687 1055 728 homines
1089 687 1180 728 sine
1213 687 1362 729 liberis
1383 687 1465 729 Ro·
1486 698 1518 722 10
1561 683 1573 723 l

91 743 97 745 ⁴
119 760 224 786 mae.
263 745 330 787 23.
360 748 402 786 et
423 746 624 800 quoniam
645 745 756 799 apud
777 760 849 786 eos
870 748 918 786 ut
954 746 998 786 in
1018 746 1158 800 capite
1179 746 1325 787 mundi
1356 760 1465 788 mor·
1571 747 1573 761 *

117 804 270 845 borum
315 805 572 845 acerbitates
618 805 771 846 celsius
815 804 1106 858 dominantur,
1151 805 1204 846 ad
1248 819 1354 859 quos
1395 805 1463 847 uel

118 862 327 904 sedandos
367 864 505 904 omnis
548 863 759 917 professio
802 863 995 904 medendi
1036 863 1255 917 torpescit,
1297 863 1464 918 excogi-

117 925 257 963 tatum
298 926 364 962 est
405 922 709 964 adminiculum
752 921 958 975 sospitale
990 922 1117 976 nequi
1151 922 1335 963 amicum
1372 936 1465 976 per-

117 981 324 1021 ferentem
366 981 523 1022 simili-a
570 981 724 1035 uideat,
768 980 1041 1035 additumque
1083 983 1150 1022 est
1194 980 1464 1022 cautionibus
1486 989 1518 1015 15
1572 976 1573 994 ³

118 1039 264 1092 paucis
297 1039 530 1081 remedium
564 1039 681 1081 aliud
713 1039 821 1081 satis
846 1039 1049 1092 ualidum,
1079 1042 1126 1080 -ut
1156 1039 1341 1080 famulos
1373 1054 1464 1093 per·
1571 1052 1573 1059 ¹

117 1100 337 1139 contatum
370 1098 523 1140 missos
554 1113 679 1153 quem
723 1098 775 1139 ad
815 1097 988 1139 modum
1033 1097 1205 1139 ualeant
1248 1097 1340 1139 noti
1384 1097 1464 1139 hac

117 1156 386 1211 aegritudine
407 1157 617 1211 colligati,
647 1171 732 1198 non
765 1159 864 1198 ante
896 1156 1107 1210 recipiant
1131 1156 1304 1197 domum
1337 1171 1465 1212 quam

117 1215 289 1256 lauacro
328 1216 608 1270 purgauerint
647 1230 812 1270 corpus,
874 1215 937 1256 ita
974 1215 1106 1256 etiam
1144 1215 1296 1256 aliem's
1329 1215 1463 1257 oeulis
1569 1267 1573 1271 Α

116 1274 210 1315 uisa
231 1275 436 1315 metuitur
457 1274 588 1316 labes.
627 1275 696 1316 24.
725 1274 797 1315 sed
817 1276 964 1315 tamen
982 1273 1089 1315 haec
1121 1288 1216 1315 cum
1235 1274 1299 1315 ita
1329 1274 1464 1316 tutius
1484 1283 1518 1309 2⁰

117 1332 409 1387 obseruentur,
451 1333 624 1388 quidam
664 1333 813 1387 uigore
861 1336 1029 1374 artuum
1072 1332 1282 1374 inminuto
1321 1332 1466 1387 rogati

116 1391 168 1432 ad
209 1391 382 1446 nuptias
424 1392 496 1433 ubi
530 1407 680 1434 aurum
711 1392 873 1433 dextris
907 1392 1105 1432 manibus
1138 1391 1303 1433 canatis
1345 1391 1466 1432 offer-

114 1454 197 1504 tur,
230 1450 398 1505 inpigre
432 1451 499 1492 uel
533 1465 665 1505 usque
687 1450 928 1505 Spoletium
960 1453 1158 1505 pergunt.
1207 1449 1314 1492 haec
1346 1449 1465 1491 nobi-

117 1509 222 1550 lium
256 1513 355 1550 sunt
387 1509 598 1551 instituta.

235 1568 302 1609 25.
335 1568 400 1609 Ex
420 1569 548 1609 turba
569 1582 668 1609 uero
690 1568 800 1609 imae
822 1567 950 1609 sortis
972 1571 1015 1609 et
1038 1567 1316 1621 paupertinae
1337 1567 1383 1609 in
1401 1569 1463 1608 ta-
1483 1574 1517 1602 2⁵

117 1626 263 1667 bernis
297 1627 430 1681 aliqui
472 1630 729 1681 pernoctant
773 1626 971 1680 uinariis,
1012 1640 1097 1666 non
1136 1626 1246 1667 nulli
1287 1625 1464 1668 nelariis

116 1685 462 1727 umbraculorum
484 1685 763 1727 theatralium
784 1685 934 1738 latent,
960 1699 1067 1740 quae
1089 1683 1354 1739 Campanam
1374 1683 1465 1725 imi-

117 1747 231 1785 tatus
265 1744 489 1785 lasciuiam
510 1743 690 1786 Catulus
723 1744 765 1784 in
787 1743 1009 1785 aedilitate
1042 1758 1118 1784 sua
1139 1742 1360 1797 suspendit
1379 1757 1465 1784 om-

116 1802 235 1843 nium
267 1803 449 1856 primus;
483 1806 557 1844 aut
588 1802 842 1857 pugnaciter
875 1802 980 1843 aleis
1013 1805 1180 1843 certant
1204 1802 1320 1856 turpi
1360 1815 1464 1842 sono

116 1860 304 1915 fragosis
337 1862 512 1903 naribus
546 1862 780 1902 introrsum
812 1860 985 1902 reducto
1025 1860 1180 1914 spiritu
1212 1873 1465 1914 concrepan-
1484 1870 1517 1895 30

117 1924 203 1972 tes3
249 1923 323 1961 aut
365 1921 475 1975 quod
517 1924 582 1961 est
623 1920 861 1961 studiorum
902 1920 1092 1961 omnium
1137 1918 1370 1960 maximum
1409 1918 1463 1960 ab

115 1981 211 2019 ortu
247 1979 352 2020 lucis
386 1979 438 2020 ad
471 1993 692 2033 uesperam
725 1979 814 2019 sole
847 1978 1053 2019 fatiscunt
1085 1977 1153 2019 uel
1185 1977 1358 2031 pluuiiS,
1390 1990 1466 2031 per

210 2156 224 2185 1
253 2151 454 2186 uolucriter
479 2152 580 2197 gyris
606 2151 817 2186 Gronouius
841 2150 1012 2185 uoluetur
1037 2160 1056 2184 c
1084 2149 1133 2183 ris
1162 2148 1196 2182 V
1242 2152 1279 2183 ll
1305 2148 1405 2194 apud
1432 2148 1466 2183 G

116 2197 187 2240 put
218 2195 283 2230 VP
329 2197 542 2231 morborum
570 2196 603 2229 G
628 2207 732 2230 orum
762 2195 829 2230 VP
888 2199 928 2230 16
954 2196 996 2229 ut
1019 2205 1041 2229 a
1072 2194 1105 2229 d.
1132 2194 1199 2228 nul
1224 2203 1244 2226 o
1267 2203 1333 2228 om.
1360 2193 1464 2229 codd.

120 2244 161 2275 17
186 2239 266 2274 noti
290 2240 359 2275 hac
379 2241 411 2273 G
438 2251 510 2275 non
535 2241 626 2275 haec
646 2240 677 2274 V
722 2244 764 2274 ⁶23
791 2239 1003 2285 perguntG
1026 2238 1190 2291 perdunt
1241 2238 1274 2273 P
1321 2242 1363 2273 24
1380 2239 1467 2273 sunt

117 2296 307 2341 Kiessliny
330 2297 388 2331 est
417 2296 483 2330 VP
529 2299 571 2330 26
597 2295 748 2330 uinariis
777 2296 810 2329 G
834 2293 1000 2329 inmariis
1018 2295 1053 2328 P
1077 2293 1260 2338 <ul>ariis
1291 2292 1323 2327 V
1365 2292 1465 2328 uela-
1516 2332 1519 2336 ,

120 2340 181 2376 riis
207 2341 338 2385 scripsi
364 2340 526 2375 uelabris
543 2341 646 2376 codd.
697 2343 738 2374 ‘28
764 2339 950 2374 lascrilam
980 2339 1047 2373 VP
1094 2343 1135 2374 32
1153 2340 1235 2374 ortu
1252 2337 1311 2374 lus
1327 2337 1376 2373 ad
1399 2337 1467 2374 VP
