1573 2508
604 38 710 76 XXII
734 46 788 88 16,
810 13 1023 85 ao—Xinil
1047 15 1079 96 i,
1104 57 1126 90 8

0 163 30 177 .-
47 30 357 177 Anem
376 129 568 173 inueniet
587 134 835 180 mathemata
865 139 991 184 huius
1023 146 1139 189 modi
1159 149 1213 191 ab
1233 150 1436 208 Aegypto
1456 158 1535 201 eir·
1558 136 1565 170 f

186 185 384 228 cumlata.
445 189 514 231 20.
533 190 598 233 Mc
626 194 813 247 primum
845 197 1041 244 homines
1073 204 1201 262 longe
1221 214 1321 253 ante
1341 213 1452 256 alios
1477 217 1532 260 ad
1559 252 1563 260 .

185 245 306 285 uaria
337 246 597 301 religionum
634 251 905 311 incunabula,
949 263 996 302 ut
1032 262 1201 322 dicitur,
1244 274 1565 325 peruenerunt}

184 305 227 342 et
258 302 382 345 initia
400 307 540 358 prima
573 323 789 354 sacrorum
809 319 932 358 caute
964 322 1136 365 tuentur
1157 327 1329 371 condita
1355 331 1529 387 seriptis

186 362 365 402 arcanis.
426 364 495 406 21.
526 365 605 409 hac
638 369 862 415 institutus
894 377 1121 429 prudentia
1154 382 1428 441 Pythagoras
1461 405 1566 434 ‹zo-⁸

181 418 273 460 lens
319 423 524 465 secretius
563 426 675 482 deos,
721 431 921 486 quicquid
960 436 1069 479 dixit
1106 444 1182 483 aut
1213 444 1352 488 uoluit
1384 452 1528 493 aucto-

179 477 353 520 ritatem
386 495 477 523 esse
510 483 700 527 instituit
732 493 882 545 ratam,
927 497 970 535 et
1013 496 1152 540 femur
1189 516 1313 545 suum
1351 520 1555 554 aureum.

179 536 289 589 apud
312 536 561 594 Olympiam
593 559 718 599 saepe
750 552 1036 608 monstrabat,
1067 560 1226 601 etcum
1257 563 1402 617 aquila
1430 580 1526 610 con·
1555 591 1560 608 ς

177 593 356 649 loquens
389 599 567 642 subinde
607 603 838 649 uisebatur.
900 610 968 652 22.
1007 613 1105 656 111110
1144 617 1426 676 Anaxagoras
1464 625 1525 668 la·

174 653 294 705 pides
327 669 348 696 e
381 657 498 699 caelo
531 659 727 714 lapsuros
755 668 797 706 et
828 670 1045 720 putealem
1079 674 1230 718 limum
1251 682 1522 726 contrectans

174 713 383 755 tremores
415 715 582 759 futuros
613 722 886 773 praedixerat
917 730 1068 773 terrae.
1131 738 1171 775 et
1192 734 1325 779 Solon
1357 744 1545 798 senten-¹

173 770 248 810 tiis
269 771 440 815 adiutus
461 775 652 831 Aegypti
673 783 954 841 sacerdotum,
975 788 1074 831 latis
1096 792 1209 835 iusto
1230 796 1521 843 moderamine
1553 843 1563 860 -.

174 827 356 884 legibus,
387 831 583 877 Romano
605 852 772 894 quoque
804 843 887 884 iuri
918 848 1153 892 maximum
1184 853 1348 897 addidit
1379 857 1519 902 firma·
1538 859 1560 915 ἦ

171 892 372 930 mentum.
435 908 485 934 ex
518 893 585 936 his
619 896 735 940 Iesus
760 900 953 945 fontibus
985 921 1061 959 per
1088 909 1290 954 sublimia
1316 916 1517 969 gradiens
1543 923 1558 966 ’,ζ

170 959 414 989 sermonum
459 953 742 1006 amplitudine
787 958 902 1002 Iouis
943 966 1135 1009 aemulus
1180 985 1265 1012 non
1304 973 1398 1016 uisa
1434 975 1516 1019 Ae·
1548 973 1561 989 ”

168 1008 303 1057 gypt-o
331 1007 538 1051 militauit
569 1014 781 1067 sapientia
814 1019 1016 1072 gloriosa.
1545 1039 1558 1055 “”

286 1064 355 1105 23.
387 1065 595 1111 Homines
628 1077 772 1116 autem
803 1077 1009 1133 Aegyptii
1047 1084 1240 1140 plerique
1278 1090 1514 1135 subfusculi

168 1124 268 1162 sunt
283 1126 325 1163 et
341 1126 472 1166 atrati
493 1129 632 1183 magis
654 1146 782 1185 quam
802 1139 957 1179 maesti
972 1141 1072 1195 oris,
1092 1145 1322 1202 gracilenti
1336 1152 1380 1191 et
1393 1151 1514 1207 aridi,

164 1179 217 1220 ad
248 1181 443 1236 singulos
464 1189 603 1228 motu:¹
626 1193 991 1251 excandescentes,
1024 1204 1286 1246 controuersi
1309 1210 1352 1249 et
1370 1223 1513 1264 repos-

163 1251 289 1280 cones
336 1244 545 1285 acerrimi.
618 1249 831 1293 erubescit
874 1257 986 1309 apud
1031 1274 1100 1301 eos
1140 1262 1252 1317 siqui
1294 1279 1381 1307 non
1419 1268 1512 1310 infi-

161 1296 312 1339 tiando
346 1300 509 1343 tributa
551 1305 758 1357 plurimas
798 1311 841 1351 in
888 1328 1064 1368 corpore
1104 1320 1265 1363 uibices
1298 1327 1511 1370 ostendat.

162 1357 203 1394 et
240 1356 361 1399 nulla
393 1362 706 1407 tormentorum
732 1369 797 1410 uis
830 1370 1013 1414 inueniri
1047 1376 1183 1420 adhuc
1216 1383 1370 1437 potuit,
1401 1399 1509 1439 quae

163 1412 373 1457 obdurato
395 1417 512 1460 illius
546 1423 707 1466 tractus
740 1427 900 1470 latroni
932 1432 1069 1475 inuito
1091 1436 1244 1479 elicere
1275 1442 1429 1497 potuit,
1460 1448 1508 1487 ut

156 1484 315 1514 nomen
344 1477 567 1529 proprium
599 1481 722 1524 dicat.

262 1532 330 1573 24.
344 1532 393 1574 Id
408 1538 550 1578 autem
565 1542 713 1582 uotum
729 1547 804 1598 cst,
819 1549 865 1587 ut
880 1550 1054 1591 annales
1073 1556 1236 1604 ueteres
1250 1561 1504 1615 monstrant,
1544 1571 1546 1574 ’

156 1589 266 1641 quod
287 1590 512 1646 Aegyptus
533 1599 670 1639 omnis
692 1602 770 1642 sub
793 1606 943 1647 amicis
966 1612 1057 1650 erat
1077 1615 1202 1654 antea
1222 1615 1409 1671 regibus,
1429 1619 1503 1661 sed
1543 1649 1552 1666 ..

157 1650 367 1700 superatis
401 1653 512 1705 apud
543 1654 716 1699 Actium
756 1661 871 1704 bollo
904 1667 1047 1708 nauali
1080 1669 1271 1714 Antonio
1310 1677 1352 1715 et
1383 1674 1503 1719 Cleo·
1541 1680 1552 1691 ⁹

153 1709 295 1758 patra,
328 1711 574 1761 prouinciae
600 1729 756 1760 nomen
781 1723 945 1775 accepit
966 1725 1018 1766 ab
1042 1725 1279 1772 Octauiano
1300 1732 1499 1789 Augusto

152 1776 362 1815 possessa.
425 1770 653 1814 aridiorem
691 1775 875 1832 Libyam
915 1797 1112 1836 supremo
1151 1788 1344 1842 Apionos
1383 1794 1498 1849 regis

150 1826 366 1866 consecuti
399 1841 543 1870 sumus
579 1832 772 1890 arbitrio,
805 1836 992 1892 Cyrenas
1014 1857 1107 1885 011111
1134 1847 1314 1890 residuis
1348 1851 1494 1894 ciuita-

149 1879 265 1922 tibus
292 1882 454 1938 Libyae
476 1886 762 1944 Pentapoleos
784 1895 1027 1942 Ptolomaei
1060 1902 1324 1949 liberalitate
1358 1925 1495 1953 susce-
1534 1966 1538 1971 .

148 1938 299 1990 pimus.
345 1946 516 1986 euectus
538 1947 708 2002 longius
729 1954 782 1994 ad
803 1956 995 1999 ordinem
1015 1963 1214 2005 remeabo
1236 1969 1495 2020 coeptorum.
1539 1983 1546 2023 ζ

1571 128 1573 154 A

238 2046 251 2075 1
286 2044 455 2081 inueniet
484 2050 714 2088 mathemata
749 2055 781 2089 G
823 2057 949 2093 inueni
975 2061 1054 2111 [lac.
1080 2066 1128 2098 12
1151 2065 1265 2112 mma
1288 2068 1396 2104 huius
1426 2071 1493 2107 VP

143 2088 162 2117 2
188 2084 247 2119 1110
275 2088 308 2120 G
340 2098 404 2124 om.
438 2091 551 2127 VPba
642 2101 662 2131 4
687 2099 827 2134 seribus
858 2101 890 2135 V
917 2105 1045 2140 scribis
1069 2107 1175 2153 qua
1268 2117 1308 2147 14
1327 2119 1411 2158 post
1435 2116 1490 2152 hie

141 2129 298 2164 inseruit
323 2132 378 2167 ihs
403 2136 451 2176 (h.
477 2148 503 2171 e.
533 2140 651 2183 Iesus)
677 2143 722 2178 A.
748 2144 782 2178 d.
811 2146 1028 2184 Gutschmid
1058 2162 1124 2186 om.
1150 2155 1253 2190 codd.
1353 2164 1392 2194 15
1416 2172 1490 2196 non

140 2174 244 2208 codd.
262 2174 393 2212 Platon
415 2179 579 2218 Valesius
643 2189 682 2220 18
735 2199 819 2223 uani
842 2190 997 2229 Salmas.
1019 2207 1090 2239 que
1110 2199 1214 2234 codd.
1239 2202 1311 2236 oris
1330 2203 1487 2241 Salmas.

140 2227 221 2252 ores
246 2221 347 2255 codd.
442 2230 481 2260 21
510 2228 658 2264 uiuaces
720 2232 756 2266 P
840 2239 882 2271 23
909 2240 1039 2281 pactus
1064 2241 1237 2278 latrocini
1268 2245 1335 2282 VP
1357 2251 1488 2292 pectus

138 2261 323 2298 latrocinii
349 2267 435 2307 (niis
451 2272 489 2313 ῃ)
515 2272 582 2316 bqa
677 2277 747 2311 *29
772 2279 926 2323 apionos
951 2282 1016 2318 VP
1039 2286 1195 2330 Apionis
1214 2290 1246 2324 G
1333 2298 1377 2326 30
1402 2305 1486 2329 0011-
1543 2317 1545 2323 2

137 2308 256 2342 secuti
274 2309 340 2354 baa
366 2315 531 2349 consenti
565 2317 630 2353 VP
721 2327 764 2356 32
789 2326 922 2369 coepto
955 2327 987 2361 V
1011 2332 1143 2375 coepto
1168 2333 1198 2367 ὣ
1223 2333 1343 2370 dicam
1367 2337 1442 2374 PR
