<?xml version="1.0" encoding="UTF-8"?>
<!DOCTYPE html PUBLIC "-//W3C//DTD XHTML 1.0 Transitional//EN"
    "http://www.w3.org/TR/xhtml1/DTD/xhtml1-transitional.dtd">
<html xmlns="http://www.w3.org/1999/xhtml" xml:lang="en" lang="en">
 <head>
  <title>
</title>
<meta http-equiv="Content-Type" content="text/html;charset=utf-8" />
  <meta name='ocr-system' content='tesseract 3.04.00' />
  <meta name='ocr-capabilities' content='ocr_page ocr_carea ocr_par ocr_line ocrx_word'/>
</head>
<body>
  <div class='ocr_page' id='page_1' title='image "./rerumgestarumlib01ammiuoft_0425.png"; bbox 0 0 1614 2549; ppageno 0'>
   <div class='ocr_carea' id='block_1_1' title="bbox 599 66 1449 110">
    <p class='ocr_par' dir='ltr' id='par_1_1' title="bbox 599 66 1449 110">
     <span class='ocr_line' id='line_1_1' title="bbox 599 66 1449 110; baseline 0.012 -9"><span class='ocrx_word' id='word_1_1' title='bbox 599 66 828 102; x_wconf 82' lang='lat' dir='ltr'>IVLIANVS</span> <span class='ocrx_word' id='word_1_2' title='bbox 853 71 919 103; x_wconf 84' lang='lat'>363</span> <span class='ocrx_word' id='word_1_3' title='bbox 1369 68 1449 110; x_wconf 84' lang='lat'>331</span> 
     </span>
    </p>
   </div>
   <div class='ocr_carea' id='block_1_2' title="bbox 46 160 1452 1970">
    <p class='ocr_par' dir='ltr' id='par_1_2' title="bbox 101 160 1451 216">
     <span class='ocr_line' id='line_1_2' title="bbox 101 160 1451 216; baseline 0.001 -14"><span class='ocrx_word' id='word_1_4' title='bbox 101 176 310 215; x_wconf 82' lang='lat' dir='ltr'>perquam</span> <span class='ocrx_word' id='word_1_5' title='bbox 341 162 550 215; x_wconf 80' lang='lat' dir='ltr'>copiosae,</span> <span class='ocrx_word' id='word_1_6' title='bbox 588 162 700 203; x_wconf 92' lang='lat' dir='ltr'>inter</span> <span class='ocrx_word' id='word_1_7' title='bbox 732 176 836 216; x_wconf 90' lang='lat' dir='ltr'>quas</span> <span class='ocrx_word' id='word_1_8' title='bbox 874 162 984 203; x_wconf 85' lang='lat' dir='ltr'>nitet</span> <span class='ocrx_word' id='word_1_9' title='bbox 1016 160 1229 203; x_wconf 81' lang='lat' dir='ltr'>Carmana</span> <span class='ocrx_word' id='word_1_10' title='bbox 1261 162 1451 203; x_wconf 88' lang='lat' dir='ltr'>omnium</span> 
     </span>
    </p>

    <p class='ocr_par' dir='ltr' id='par_1_3' title="bbox 103 219 1449 333">
     <span class='ocr_line' id='line_1_3' title="bbox 103 219 1385 274; baseline 0.001 -14"><span class='ocrx_word' id='word_1_11' title='bbox 103 223 242 261; x_wconf 90' lang='lat' dir='ltr'>mater</span> <span class='ocrx_word' id='word_1_12' title='bbox 274 223 316 261; x_wconf 87' lang='lat' dir='ltr'>et</span> <span class='ocrx_word' id='word_1_13' title='bbox 347 219 620 273; x_wconf 71' lang='lat' dir='ltr'>Portospana</span> <span class='ocrx_word' id='word_1_14' title='bbox 652 224 694 262; x_wconf 89' lang='lat' dir='ltr'>et</span> <span class='ocrx_word' id='word_1_15' title='bbox 725 220 990 261; x_wconf 86' lang='lat' dir='ltr'>Alexandria</span> <span class='ocrx_word' id='word_1_16' title='bbox 1021 223 1063 261; x_wconf 89' lang='lat' dir='ltr'>et</span> <span class='ocrx_word' id='word_1_17' title='bbox 1094 220 1385 274; x_wconf 88' lang='lat' dir='ltr'>Hermupolis.</span> 
     </span>
     <span class='ocr_line' id='line_1_4' title="bbox 221 278 1449 333; baseline 0.002 -15"><span class='ocrx_word' id='word_1_18' title='bbox 221 278 289 319; x_wconf 89' lang='lat'>50.</span> <span class='ocrx_word' id='word_1_19' title='bbox 309 278 495 319; x_wconf 87' lang='lat' dir='ltr'>Interius</span> <span class='ocrx_word' id='word_1_20' title='bbox 515 293 616 320; x_wconf 87' lang='lat' dir='ltr'>uero</span> <span class='ocrx_word' id='word_1_21' title='bbox 636 279 834 332; x_wconf 85' lang='lat' dir='ltr'>pergenti</span> <span class='ocrx_word' id='word_1_22' title='bbox 855 282 1082 320; x_wconf 89' lang='lat' dir='ltr'>occurrunt</span> <span class='ocrx_word' id='word_1_23' title='bbox 1112 278 1318 332; x_wconf 77' lang='lat' dir='ltr'>Hyrcani,</span> <span class='ocrx_word' id='word_1_24' title='bbox 1345 293 1449 333; x_wconf 89' lang='lat' dir='ltr'>quos</span> 
     </span>
    </p>

    <p class='ocr_par' dir='ltr' id='par_1_4' title="bbox 104 336 1451 391">
     <span class='ocr_line' id='line_1_5' title="bbox 104 336 1451 391; baseline 0.001 -14"><span class='ocrx_word' id='word_1_25' title='bbox 104 336 293 377; x_wconf 88' lang='lat' dir='ltr'>eiusdem</span> <span class='ocrx_word' id='word_1_26' title='bbox 324 337 510 377; x_wconf 90' lang='lat' dir='ltr'>nominis</span> <span class='ocrx_word' id='word_1_27' title='bbox 544 337 680 378; x_wconf 91' lang='lat' dir='ltr'>adluit</span> <span class='ocrx_word' id='word_1_28' title='bbox 710 352 839 379; x_wconf 89' lang='lat' dir='ltr'>mare.</span> <span class='ocrx_word' id='word_1_29' title='bbox 901 337 1012 391; x_wconf 91' lang='lat' dir='ltr'>apud</span> <span class='ocrx_word' id='word_1_30' title='bbox 1033 351 1151 391; x_wconf 85' lang='lat' dir='ltr'>quos,</span> <span class='ocrx_word' id='word_1_31' title='bbox 1183 337 1333 391; x_wconf 81' lang='lat' dir='ltr'>glebae</span> <span class='ocrx_word' id='word_1_32' title='bbox 1364 352 1451 378; x_wconf 90' lang='lat' dir='ltr'>ma-</span> 
     </span>
    </p>

    <p class='ocr_par' dir='ltr' id='par_1_5' title="bbox 68 394 1451 683">
     <span class='ocr_line' id='line_1_6' title="bbox 68 394 1450 449; baseline 0.001 -14"><span class='ocrx_word' id='word_1_33' title='bbox 68 408 84 434; x_wconf 88' lang='lat'>5</span> <span class='ocrx_word' id='word_1_34' title='bbox 105 394 166 435; x_wconf 86' lang='lat' dir='ltr'>cie</span> <span class='ocrx_word' id='word_1_35' title='bbox 198 395 491 436; x_wconf 72' lang='lat' dir='ltr'>internecante</span> <span class='ocrx_word' id='word_1_36' title='bbox 525 398 747 449; x_wconf 85' lang='lat' dir='ltr'>sementes,</span> <span class='ocrx_word' id='word_1_37' title='bbox 778 396 889 436; x_wconf 90' lang='lat' dir='ltr'>ruris</span> <span class='ocrx_word' id='word_1_38' title='bbox 911 395 1077 436; x_wconf 92' lang='lat' dir='ltr'>colendi</span> <span class='ocrx_word' id='word_1_39' title='bbox 1098 410 1198 436; x_wconf 90' lang='lat' dir='ltr'>cura</span> <span class='ocrx_word' id='word_1_40' title='bbox 1218 398 1283 436; x_wconf 88' lang='lat' dir='ltr'>est</span> <span class='ocrx_word' id='word_1_41' title='bbox 1301 395 1450 449; x_wconf 86' lang='lat' dir='ltr'>leuior,</span> 
     </span>
     <span class='ocr_line' id='line_1_7' title="bbox 105 453 1451 508; baseline 0.001 -14"><span class='ocrx_word' id='word_1_42' title='bbox 105 453 176 495; x_wconf 88' lang='lat' dir='ltr'>sed</span> <span class='ocrx_word' id='word_1_43' title='bbox 197 456 427 495; x_wconf 87' lang='lat' dir='ltr'>uescuntur</span> <span class='ocrx_word' id='word_1_44' title='bbox 446 454 688 508; x_wconf 88' lang='lat' dir='ltr'>uenatibus,</span> <span class='ocrx_word' id='word_1_45' title='bbox 709 469 889 508; x_wconf 90' lang='lat' dir='ltr'>quorum</span> <span class='ocrx_word' id='word_1_46' title='bbox 908 455 1118 495; x_wconf 85' lang='lat' dir='ltr'>uarietate</span> <span class='ocrx_word' id='word_1_47' title='bbox 1139 454 1308 495; x_wconf 88' lang='lat' dir='ltr'>inmane</span> <span class='ocrx_word' id='word_1_48' title='bbox 1322 468 1451 508; x_wconf 90' lang='lat' dir='ltr'>quan-</span> 
     </span>
     <span class='ocr_line' id='line_1_8' title="bbox 102 512 1450 566; baseline 0.001 -14"><span class='ocrx_word' id='word_1_49' title='bbox 102 514 196 553; x_wconf 91' lang='lat' dir='ltr'>tum</span> <span class='ocrx_word' id='word_1_50' title='bbox 228 512 474 553; x_wconf 73' lang='lat' dir='ltr'>exuberant.</span> <span class='ocrx_word' id='word_1_51' title='bbox 535 513 609 553; x_wconf 88' lang='lat' dir='ltr'>ubi</span> <span class='ocrx_word' id='word_1_52' title='bbox 642 513 774 554; x_wconf 89' lang='lat' dir='ltr'>etiam</span> <span class='ocrx_word' id='word_1_53' title='bbox 805 513 1014 566; x_wconf 88' lang='lat' dir='ltr'>tigridum</span> <span class='ocrx_word' id='word_1_54' title='bbox 1045 512 1165 553; x_wconf 88' lang='lat' dir='ltr'>milia</span> <span class='ocrx_word' id='word_1_55' title='bbox 1197 513 1333 554; x_wconf 90' lang='lat' dir='ltr'>multa</span> <span class='ocrx_word' id='word_1_56' title='bbox 1365 527 1450 553; x_wconf 91' lang='lat' dir='ltr'>cer-</span> 
     </span>
     <span class='ocr_line' id='line_1_9' title="bbox 102 570 1450 625; baseline 0 -14"><span class='ocrx_word' id='word_1_57' title='bbox 102 573 262 611; x_wconf 86' lang='lat' dir='ltr'>nuntur</span> <span class='ocrx_word' id='word_1_58' title='bbox 292 570 492 625; x_wconf 87' lang='lat' dir='ltr'>feraeque</span> <span class='ocrx_word' id='word_1_59' title='bbox 524 571 688 612; x_wconf 88' lang='lat' dir='ltr'>bestiae</span> <span class='ocrx_word' id='word_1_60' title='bbox 719 571 878 625; x_wconf 90' lang='lat' dir='ltr'>plures,</span> <span class='ocrx_word' id='word_1_61' title='bbox 911 586 1017 625; x_wconf 90' lang='lat' dir='ltr'>quae</span> <span class='ocrx_word' id='word_1_62' title='bbox 1038 571 1275 611; x_wconf 89' lang='lat' dir='ltr'>cuiusmodi</span> <span class='ocrx_word' id='word_1_63' title='bbox 1309 570 1450 612; x_wconf 91' lang='lat' dir='ltr'>solent</span> 
     </span>
     <span class='ocr_line' id='line_1_10' title="bbox 103 629 1449 683; baseline -0.001 -13"><span class='ocrx_word' id='word_1_64' title='bbox 103 629 197 683; x_wconf 88' lang='lat' dir='ltr'>capi</span> <span class='ocrx_word' id='word_1_65' title='bbox 213 630 466 670; x_wconf 86' lang='lat' dir='ltr'>commentis</span> <span class='ocrx_word' id='word_1_66' title='bbox 482 630 638 670; x_wconf 84' lang='lat' dir='ltr'>dudum</span> <span class='ocrx_word' id='word_1_67' title='bbox 652 644 729 670; x_wconf 93' lang='lat' dir='ltr'>nos</span> <span class='ocrx_word' id='word_1_68' title='bbox 750 630 1022 670; x_wconf 87' lang='lat' dir='ltr'>meminimus</span> <span class='ocrx_word' id='word_1_69' title='bbox 1038 629 1270 670; x_wconf 85' lang='lat' dir='ltr'>rettulisse.</span> <span class='ocrx_word' id='word_1_70' title='bbox 1291 629 1358 670; x_wconf 88' lang='lat'>51.</span> <span class='ocrx_word' id='word_1_71' title='bbox 1371 643 1449 670; x_wconf 91' lang='lat' dir='ltr'>nec</span> 
     </span>
    </p>

    <p class='ocr_par' dir='ltr' id='par_1_6' title="bbox 51 687 1450 976">
     <span class='ocr_line' id='line_1_11' title="bbox 51 687 1450 742; baseline 0 -14"><span class='ocrx_word' id='word_1_72' title='bbox 51 703 83 728; x_wconf 90' lang='lat'>10</span> <span class='ocrx_word' id='word_1_73' title='bbox 102 687 197 728; x_wconf 88' lang='lat' dir='ltr'>ideo</span> <span class='ocrx_word' id='word_1_74' title='bbox 217 690 364 729; x_wconf 90' lang='lat' dir='ltr'>tamen</span> <span class='ocrx_word' id='word_1_75' title='bbox 384 688 543 729; x_wconf 89' lang='lat' dir='ltr'>stiuam</span> <span class='ocrx_word' id='word_1_76' title='bbox 563 688 777 742; x_wconf 81' lang='lat' dir='ltr'>ignorant,</span> <span class='ocrx_word' id='word_1_77' title='bbox 798 688 870 729; x_wconf 89' lang='lat' dir='ltr'>sed</span> <span class='ocrx_word' id='word_1_78' title='bbox 891 687 1125 729; x_wconf 90' lang='lat' dir='ltr'>seminibus</span> <span class='ocrx_word' id='word_1_79' title='bbox 1146 690 1350 741; x_wconf 81' lang='lat' dir='ltr'>teguntur</span> <span class='ocrx_word' id='word_1_80' title='bbox 1376 688 1450 729; x_wconf 91' lang='lat' dir='ltr'>ali-</span> 
     </span>
     <span class='ocr_line' id='line_1_12' title="bbox 102 746 1449 800; baseline 0 -13"><span class='ocrx_word' id='word_1_81' title='bbox 102 760 210 800; x_wconf 88' lang='lat' dir='ltr'>quae</span> <span class='ocrx_word' id='word_1_82' title='bbox 241 749 385 800; x_wconf 89' lang='lat' dir='ltr'>partes</span> <span class='ocrx_word' id='word_1_83' title='bbox 417 746 490 787; x_wconf 90' lang='lat' dir='ltr'>ubi</span> <span class='ocrx_word' id='word_1_84' title='bbox 525 746 664 788; x_wconf 91' lang='lat' dir='ltr'>solum</span> <span class='ocrx_word' id='word_1_85' title='bbox 697 750 762 787; x_wconf 89' lang='lat' dir='ltr'>est</span> <span class='ocrx_word' id='word_1_86' title='bbox 793 747 1013 800; x_wconf 79' lang='lat' dir='ltr'>pinguius,</span> <span class='ocrx_word' id='word_1_87' title='bbox 1049 760 1127 786; x_wconf 87' lang='lat' dir='ltr'>nec</span> <span class='ocrx_word' id='word_1_88' title='bbox 1167 746 1344 787; x_wconf 90' lang='lat' dir='ltr'>arbusta</span> <span class='ocrx_word' id='word_1_89' title='bbox 1383 746 1449 787; x_wconf 91' lang='lat' dir='ltr'>de-</span> 
     </span>
     <span class='ocr_line' id='line_1_13' title="bbox 103 805 1447 858; baseline -0.001 -12"><span class='ocrx_word' id='word_1_90' title='bbox 103 807 202 845; x_wconf 84' lang='lat' dir='ltr'>sunt</span> <span class='ocrx_word' id='word_1_91' title='bbox 215 805 260 845; x_wconf 88' lang='lat' dir='ltr'>in</span> <span class='ocrx_word' id='word_1_92' title='bbox 273 805 378 846; x_wconf 89' lang='lat' dir='ltr'>locis</span> <span class='ocrx_word' id='word_1_93' title='bbox 393 805 611 846; x_wconf 83' lang='lat' dir='ltr'>habilibus</span> <span class='ocrx_word' id='word_1_94' title='bbox 627 805 679 846; x_wconf 90' lang='lat' dir='ltr'>ad</span> <span class='ocrx_word' id='word_1_95' title='bbox 691 805 972 858; x_wconf 88' lang='lat' dir='ltr'>plantandum</span> <span class='ocrx_word' id='word_1_96' title='bbox 987 807 1029 846; x_wconf 93' lang='lat' dir='ltr'>et</span> <span class='ocrx_word' id='word_1_97' title='bbox 1042 805 1220 846; x_wconf 86' lang='lat' dir='ltr'>marinis</span> <span class='ocrx_word' id='word_1_98' title='bbox 1235 805 1447 846; x_wconf 80' lang='lat' dir='ltr'>mercibus</span> 
     </span>
     <span class='ocr_line' id='line_1_14' title="bbox 100 863 1450 917; baseline -0.001 -13"><span class='ocrx_word' id='word_1_99' title='bbox 100 863 293 917; x_wconf 88' lang='lat' dir='ltr'>plerique</span> <span class='ocrx_word' id='word_1_100' title='bbox 327 866 632 905; x_wconf 71' lang='lat' dir='ltr'>sustentantur.</span> <span class='ocrx_word' id='word_1_101' title='bbox 694 863 762 905; x_wconf 74' lang='lat'>52.</span> <span class='ocrx_word' id='word_1_102' title='bbox 794 863 864 904; x_wconf 90' lang='lat' dir='ltr'>hic</span> <span class='ocrx_word' id='word_1_103' title='bbox 903 878 1048 904; x_wconf 88' lang='lat' dir='ltr'>amnes</span> <span class='ocrx_word' id='word_1_104' title='bbox 1083 864 1164 904; x_wconf 91' lang='lat' dir='ltr'>duo</span> <span class='ocrx_word' id='word_1_105' title='bbox 1202 863 1450 917; x_wconf 83' lang='lat' dir='ltr'>peruulgati</span> 
     </span>
     <span class='ocr_line' id='line_1_15' title="bbox 102 921 1450 976; baseline -0.001 -14"><span class='ocrx_word' id='word_1_106' title='bbox 102 924 202 962; x_wconf 90' lang='lat' dir='ltr'>sunt</span> <span class='ocrx_word' id='word_1_107' title='bbox 240 922 427 963; x_wconf 84' lang='lat' dir='ltr'>nominis</span> <span class='ocrx_word' id='word_1_108' title='bbox 462 921 576 963; x_wconf 86' lang='lat' dir='ltr'>Oxus</span> <span class='ocrx_word' id='word_1_109' title='bbox 622 925 664 963; x_wconf 90' lang='lat' dir='ltr'>et</span> <span class='ocrx_word' id='word_1_110' title='bbox 702 921 891 975; x_wconf 87' lang='lat' dir='ltr'>Maxera,</span> <span class='ocrx_word' id='word_1_111' title='bbox 936 936 1042 976; x_wconf 87' lang='lat' dir='ltr'>quos</span> <span class='ocrx_word' id='word_1_112' title='bbox 1083 923 1262 976; x_wconf 87' lang='lat' dir='ltr'>urgente</span> <span class='ocrx_word' id='word_1_113' title='bbox 1307 921 1450 962; x_wconf 90' lang='lat' dir='ltr'>inedia</span> 
     </span>
    </p>

    <p class='ocr_par' dir='ltr' id='par_1_7' title="bbox 50 980 1450 1268">
     <span class='ocr_line' id='line_1_16' title="bbox 50 980 1450 1034; baseline -0.001 -13"><span class='ocrx_word' id='word_1_114' title='bbox 50 996 82 1021; x_wconf 87' lang='lat'>15</span> <span class='ocrx_word' id='word_1_115' title='bbox 103 983 353 1034; x_wconf 87' lang='lat' dir='ltr'>superantes</span> <span class='ocrx_word' id='word_1_116' title='bbox 373 982 522 1022; x_wconf 90' lang='lat' dir='ltr'>natatu</span> <span class='ocrx_word' id='word_1_117' title='bbox 543 980 803 1034; x_wconf 88' lang='lat' dir='ltr'>aliquotiens</span> <span class='ocrx_word' id='word_1_118' title='bbox 835 981 961 1034; x_wconf 90' lang='lat' dir='ltr'>tigris</span> <span class='ocrx_word' id='word_1_119' title='bbox 994 980 1237 1034; x_wconf 87' lang='lat' dir='ltr'>inprouisae</span> <span class='ocrx_word' id='word_1_120' title='bbox 1267 980 1450 1021; x_wconf 89' lang='lat' dir='ltr'>finitima</span> 
     </span>
     <span class='ocr_line' id='line_1_17' title="bbox 100 1038 1449 1092; baseline 0 -13"><span class='ocrx_word' id='word_1_121' title='bbox 100 1039 374 1092; x_wconf 84' lang='lat' dir='ltr'>populantur.</span> <span class='ocrx_word' id='word_1_122' title='bbox 436 1038 596 1080; x_wconf 85' lang='lat' dir='ltr'>habent</span> <span class='ocrx_word' id='word_1_123' title='bbox 629 1039 758 1080; x_wconf 89' lang='lat' dir='ltr'>etiam</span> <span class='ocrx_word' id='word_1_124' title='bbox 791 1039 988 1080; x_wconf 88' lang='lat' dir='ltr'>ciuitates</span> <span class='ocrx_word' id='word_1_125' title='bbox 1021 1039 1133 1080; x_wconf 90' lang='lat' dir='ltr'>inter</span> <span class='ocrx_word' id='word_1_126' title='bbox 1165 1038 1332 1079; x_wconf 91' lang='lat' dir='ltr'>minora</span> <span class='ocrx_word' id='word_1_127' title='bbox 1362 1053 1449 1079; x_wconf 91' lang='lat' dir='ltr'>mu-</span> 
     </span>
     <span class='ocr_line' id='line_1_18' title="bbox 100 1096 1445 1152; baseline -0.001 -14"><span class='ocrx_word' id='word_1_128' title='bbox 100 1097 260 1151; x_wconf 85' lang='lat' dir='ltr'>nicipia</span> <span class='ocrx_word' id='word_1_129' title='bbox 290 1098 456 1138; x_wconf 86' lang='lat' dir='ltr'>ualidas</span> <span class='ocrx_word' id='word_1_130' title='bbox 490 1098 592 1138; x_wconf 88' lang='lat' dir='ltr'>duas</span> <span class='ocrx_word' id='word_1_131' title='bbox 626 1097 798 1152; x_wconf 88' lang='lat' dir='ltr'>quidem</span> <span class='ocrx_word' id='word_1_132' title='bbox 830 1097 1068 1138; x_wconf 87' lang='lat' dir='ltr'>maritimas</span> <span class='ocrx_word' id='word_1_133' title='bbox 1091 1096 1284 1138; x_wconf 78' lang='lat' dir='ltr'>Socanda</span> <span class='ocrx_word' id='word_1_134' title='bbox 1311 1099 1353 1137; x_wconf 91' lang='lat' dir='ltr'>et</span> <span class='ocrx_word' id='word_1_135' title='bbox 1374 1096 1445 1138; x_wconf 76' lang='lat' dir='ltr'>Sa-</span> 
     </span>
     <span class='ocr_line' id='line_1_19' title="bbox 99 1154 1450 1208; baseline -0.001 -11"><span class='ocrx_word' id='word_1_136' title='bbox 99 1171 318 1208; x_wconf 79' lang='lat' dir='ltr'>ramamia,</span> <span class='ocrx_word' id='word_1_137' title='bbox 356 1156 688 1197; x_wconf 87' lang='lat' dir='ltr'>mediterraneas</span> <span class='ocrx_word' id='word_1_138' title='bbox 728 1156 833 1196; x_wconf 89' lang='lat' dir='ltr'>alias</span> <span class='ocrx_word' id='word_1_139' title='bbox 866 1156 1126 1197; x_wconf 84' lang='lat' dir='ltr'>Asmurnam</span> <span class='ocrx_word' id='word_1_140' title='bbox 1164 1158 1207 1196; x_wconf 90' lang='lat' dir='ltr'>et</span> <span class='ocrx_word' id='word_1_141' title='bbox 1239 1154 1369 1197; x_wconf 80' lang='lat' dir='ltr'>Salen</span> <span class='ocrx_word' id='word_1_142' title='bbox 1407 1157 1450 1196; x_wconf 89' lang='lat' dir='ltr'>et</span> 
     </span>
     <span class='ocr_line' id='line_1_20' title="bbox 100 1214 751 1268; baseline 0 -13"><span class='ocrx_word' id='word_1_143' title='bbox 100 1214 168 1255; x_wconf 89' lang='lat' dir='ltr'>his</span> <span class='ocrx_word' id='word_1_144' title='bbox 200 1215 460 1256; x_wconf 85' lang='lat' dir='ltr'>nobiliorem</span> <span class='ocrx_word' id='word_1_145' title='bbox 491 1214 751 1268; x_wconf 86' lang='lat' dir='ltr'>Hyrcanam.</span> 
     </span>
    </p>

    <p class='ocr_par' dir='ltr' id='par_1_8' title="bbox 48 1272 1450 1503">
     <span class='ocr_line' id='line_1_21' title="bbox 48 1272 1450 1327; baseline -0.002 -12"><span class='ocrx_word' id='word_1_146' title='bbox 48 1291 82 1316; x_wconf 81' lang='lat'>20</span> <span class='ocrx_word' id='word_1_147' title='bbox 220 1273 288 1315; x_wconf 78' lang='lat'>53.</span> <span class='ocrx_word' id='word_1_148' title='bbox 321 1272 482 1314; x_wconf 85' lang='lat' dir='ltr'>Contra</span> <span class='ocrx_word' id='word_1_149' title='bbox 524 1273 633 1314; x_wconf 88' lang='lat' dir='ltr'>hanc</span> <span class='ocrx_word' id='word_1_150' title='bbox 679 1276 850 1327; x_wconf 83' lang='lat' dir='ltr'>gentem</span> <span class='ocrx_word' id='word_1_151' title='bbox 895 1273 972 1313; x_wconf 90' lang='lat' dir='ltr'>sub</span> <span class='ocrx_word' id='word_1_152' title='bbox 1013 1272 1212 1326; x_wconf 90' lang='lat' dir='ltr'>aquilone</span> <span class='ocrx_word' id='word_1_153' title='bbox 1253 1272 1450 1313; x_wconf 88' lang='lat' dir='ltr'>dicuntur</span> 
     </span>
     <span class='ocr_line' id='line_1_22' title="bbox 100 1331 1450 1386; baseline -0.001 -13"><span class='ocrx_word' id='word_1_154' title='bbox 100 1331 205 1373; x_wconf 89' lang='lat' dir='ltr'>Abii</span> <span class='ocrx_word' id='word_1_155' title='bbox 241 1332 407 1373; x_wconf 87' lang='lat' dir='ltr'>uersari</span> <span class='ocrx_word' id='word_1_156' title='bbox 439 1345 571 1386; x_wconf 86' lang='lat' dir='ltr'>genus</span> <span class='ocrx_word' id='word_1_157' title='bbox 610 1332 864 1385; x_wconf 88' lang='lat' dir='ltr'>piissimum,</span> <span class='ocrx_word' id='word_1_158' title='bbox 902 1331 1066 1372; x_wconf 87' lang='lat' dir='ltr'>calcare</span> <span class='ocrx_word' id='word_1_159' title='bbox 1106 1332 1257 1372; x_wconf 86' lang='lat' dir='ltr'>cuncta</span> <span class='ocrx_word' id='word_1_160' title='bbox 1293 1333 1450 1372; x_wconf 89' lang='lat' dir='ltr'>morta-</span> 
     </span>
     <span class='ocr_line' id='line_1_23' title="bbox 100 1389 1450 1444; baseline -0.001 -13"><span class='ocrx_word' id='word_1_161' title='bbox 100 1391 160 1432; x_wconf 90' lang='lat' dir='ltr'>lia</span> <span class='ocrx_word' id='word_1_162' title='bbox 191 1393 454 1444; x_wconf 91' lang='lat' dir='ltr'>consuetum,</span> <span class='ocrx_word' id='word_1_163' title='bbox 488 1405 605 1444; x_wconf 90' lang='lat' dir='ltr'>quos,</span> <span class='ocrx_word' id='word_1_164' title='bbox 632 1393 678 1430; x_wconf 94' lang='lat' dir='ltr'>ut</span> <span class='ocrx_word' id='word_1_165' title='bbox 698 1390 912 1431; x_wconf 88' lang='lat' dir='ltr'>Homerus</span> <span class='ocrx_word' id='word_1_166' title='bbox 944 1389 1181 1430; x_wconf 80' lang='lat' dir='ltr'>fabulosius</span> <span class='ocrx_word' id='word_1_167' title='bbox 1203 1389 1329 1442; x_wconf 86' lang='lat' dir='ltr'>canit,</span> <span class='ocrx_word' id='word_1_168' title='bbox 1354 1389 1450 1442; x_wconf 88' lang='lat' dir='ltr'>Iup-</span> 
     </span>
     <span class='ocr_line' id='line_1_24' title="bbox 100 1449 992 1503; baseline -0.002 -13"><span class='ocrx_word' id='word_1_169' title='bbox 100 1449 213 1503; x_wconf 89' lang='lat' dir='ltr'>piter</span> <span class='ocrx_word' id='word_1_170' title='bbox 245 1450 297 1490; x_wconf 90' lang='lat' dir='ltr'>ab</span> <span class='ocrx_word' id='word_1_171' title='bbox 329 1449 470 1490; x_wconf 87' lang='lat' dir='ltr'>Idaeis</span> <span class='ocrx_word' id='word_1_172' title='bbox 504 1449 722 1490; x_wconf 89' lang='lat' dir='ltr'>montibus</span> <span class='ocrx_word' id='word_1_173' title='bbox 756 1450 992 1490; x_wconf 85' lang='lat' dir='ltr'>contuetur.</span> 
     </span>
    </p>

    <p class='ocr_par' dir='ltr' id='par_1_9' title="bbox 219 1505 1451 1561">
     <span class='ocr_line' id='line_1_25' title="bbox 219 1505 1451 1561; baseline -0.002 -13"><span class='ocrx_word' id='word_1_174' title='bbox 219 1508 287 1549; x_wconf 87' lang='lat'>54.</span> <span class='ocrx_word' id='word_1_175' title='bbox 309 1507 437 1549; x_wconf 81' lang='lat' dir='ltr'>Sedes</span> <span class='ocrx_word' id='word_1_176' title='bbox 470 1508 633 1548; x_wconf 91' lang='lat' dir='ltr'>uicinas</span> <span class='ocrx_word' id='word_1_177' title='bbox 666 1510 762 1560; x_wconf 87' lang='lat' dir='ltr'>post</span> <span class='ocrx_word' id='word_1_178' title='bbox 781 1507 1006 1561; x_wconf 86' lang='lat' dir='ltr'>Hyrcanos</span> <span class='ocrx_word' id='word_1_179' title='bbox 1040 1507 1184 1548; x_wconf 90' lang='lat' dir='ltr'>sortiti</span> <span class='ocrx_word' id='word_1_180' title='bbox 1216 1508 1315 1547; x_wconf 86' lang='lat' dir='ltr'>sunt</span> <span class='ocrx_word' id='word_1_181' title='bbox 1339 1505 1451 1547; x_wconf 90' lang='lat' dir='ltr'>Mar-</span> 
     </span>
    </p>

    <p class='ocr_par' dir='ltr' id='par_1_10' title="bbox 47 1565 1452 1842">
     <span class='ocr_line' id='line_1_26' title="bbox 47 1565 1451 1620; baseline -0.004 -10"><span class='ocrx_word' id='word_1_182' title='bbox 47 1585 82 1610; x_wconf 81' lang='lat'>25</span> <span class='ocrx_word' id='word_1_183' title='bbox 104 1566 234 1620; x_wconf 83' lang='lat' dir='ltr'>giani,</span> <span class='ocrx_word' id='word_1_184' title='bbox 261 1581 408 1607; x_wconf 92' lang='lat' dir='ltr'>omnes</span> <span class='ocrx_word' id='word_1_185' title='bbox 440 1579 574 1619; x_wconf 88' lang='lat' dir='ltr'>paene</span> <span class='ocrx_word' id='word_1_186' title='bbox 596 1566 779 1607; x_wconf 89' lang='lat' dir='ltr'>collibus</span> <span class='ocrx_word' id='word_1_187' title='bbox 812 1566 912 1607; x_wconf 89' lang='lat' dir='ltr'>altis</span> <span class='ocrx_word' id='word_1_188' title='bbox 932 1565 1117 1619; x_wconf 87' lang='lat' dir='ltr'>undique</span> <span class='ocrx_word' id='word_1_189' title='bbox 1139 1565 1451 1618; x_wconf 87' lang='lat' dir='ltr'>circumsaepti,</span> 
     </span>
     <span class='ocr_line' id='line_1_27' title="bbox 100 1623 1450 1679; baseline -0.001 -13"><span class='ocrx_word' id='word_1_190' title='bbox 100 1625 196 1666; x_wconf 89' lang='lat' dir='ltr'>ideo</span> <span class='ocrx_word' id='word_1_191' title='bbox 229 1640 254 1666; x_wconf 92' lang='lat' dir='ltr'>a</span> <span class='ocrx_word' id='word_1_192' title='bbox 285 1625 395 1665; x_wconf 91' lang='lat' dir='ltr'>mari</span> <span class='ocrx_word' id='word_1_193' title='bbox 425 1625 612 1666; x_wconf 83' lang='lat' dir='ltr'>discreti.</span> <span class='ocrx_word' id='word_1_194' title='bbox 674 1627 716 1665; x_wconf 92' lang='lat' dir='ltr'>et</span> <span class='ocrx_word' id='word_1_195' title='bbox 737 1638 995 1679; x_wconf 89' lang='lat' dir='ltr'>quamquam</span> <span class='ocrx_word' id='word_1_196' title='bbox 1025 1624 1230 1678; x_wconf 85' lang='lat' dir='ltr'>pleraque</span> <span class='ocrx_word' id='word_1_197' title='bbox 1263 1626 1363 1665; x_wconf 92' lang='lat' dir='ltr'>sunt</span> <span class='ocrx_word' id='word_1_198' title='bbox 1388 1623 1450 1664; x_wconf 89' lang='lat' dir='ltr'>ibi</span> 
     </span>
     <span class='ocr_line' id='line_1_28' title="bbox 100 1682 1452 1737; baseline -0.001 -13"><span class='ocrx_word' id='word_1_199' title='bbox 100 1684 269 1724; x_wconf 91' lang='lat' dir='ltr'>deserta</span> <span class='ocrx_word' id='word_1_200' title='bbox 308 1683 390 1724; x_wconf 91' lang='lat' dir='ltr'>soli</span> <span class='ocrx_word' id='word_1_201' title='bbox 428 1697 634 1736; x_wconf 86' lang='lat' dir='ltr'>aquarum</span> <span class='ocrx_word' id='word_1_202' title='bbox 664 1683 854 1737; x_wconf 87' lang='lat' dir='ltr'>penuria,</span> <span class='ocrx_word' id='word_1_203' title='bbox 887 1682 1095 1736; x_wconf 88' lang='lat' dir='ltr'>quaedam</span> <span class='ocrx_word' id='word_1_204' title='bbox 1133 1686 1269 1723; x_wconf 69' lang='lat' dir='ltr'>tamen</span> <span class='ocrx_word' id='word_1_205' title='bbox 1304 1682 1452 1723; x_wconf 74' lang='lat' dir='ltr'>lzabewt</span> 
     </span>
     <span class='ocr_line' id='line_1_29' title="bbox 99 1741 1448 1795; baseline -0.002 -11"><span class='ocrx_word' id='word_1_206' title='bbox 99 1743 269 1795; x_wconf 56' lang='lat' dir='ltr'>omnam</span> <span class='ocrx_word' id='word_1_207' title='bbox 302 1742 376 1783; x_wconf 89' lang='lat' dir='ltr'>sed</span> <span class='ocrx_word' id='word_1_208' title='bbox 408 1741 611 1782; x_wconf 82' lang='lat' dir='ltr'>Iasonion</span> <span class='ocrx_word' id='word_1_209' title='bbox 643 1745 686 1782; x_wconf 94' lang='lat' dir='ltr'>et</span> <span class='ocrx_word' id='word_1_210' title='bbox 716 1741 949 1782; x_wconf 91' lang='lat' dir='ltr'>Antiochia</span> <span class='ocrx_word' id='word_1_211' title='bbox 981 1743 1023 1782; x_wconf 90' lang='lat' dir='ltr'>et</span> <span class='ocrx_word' id='word_1_212' title='bbox 1042 1741 1211 1795; x_wconf 87' lang='lat' dir='ltr'>Nigaea</span> <span class='ocrx_word' id='word_1_213' title='bbox 1232 1743 1330 1782; x_wconf 91' lang='lat' dir='ltr'>sunt</span> <span class='ocrx_word' id='word_1_214' title='bbox 1351 1741 1448 1781; x_wconf 87' lang='lat' dir='ltr'>aliis</span> 
     </span>
     <span class='ocr_line' id='line_1_30' title="bbox 101 1801 283 1842; baseline -0.005 0"><span class='ocrx_word' id='word_1_215' title='bbox 101 1801 283 1842; x_wconf 89' lang='lat' dir='ltr'>notiora.</span> 
     </span>
    </p>

    <p class='ocr_par' dir='ltr' id='par_1_11' title="bbox 46 1857 1449 1970">
     <span class='ocr_line' id='line_1_31' title="bbox 46 1857 1449 1911; baseline -0.002 -10"><span class='ocrx_word' id='word_1_216' title='bbox 46 1880 81 1905; x_wconf 83' lang='lat'>30</span> <span class='ocrx_word' id='word_1_217' title='bbox 220 1859 288 1901; x_wconf 86' lang='lat'>55.</span> <span class='ocrx_word' id='word_1_218' title='bbox 319 1859 543 1900; x_wconf 86' lang='lat' dir='ltr'>Proximos</span> <span class='ocrx_word' id='word_1_219' title='bbox 576 1858 643 1899; x_wconf 85' lang='lat' dir='ltr'>his</span> <span class='ocrx_word' id='word_1_220' title='bbox 676 1858 836 1899; x_wconf 89' lang='lat' dir='ltr'>limites</span> <span class='ocrx_word' id='word_1_221' title='bbox 868 1857 1089 1911; x_wconf 88' lang='lat' dir='ltr'>possident</span> <span class='ocrx_word' id='word_1_222' title='bbox 1114 1857 1347 1910; x_wconf 84' lang='lat' dir='ltr'>Bactriani,</span> <span class='ocrx_word' id='word_1_223' title='bbox 1378 1872 1449 1898; x_wconf 79' lang='lat' dir='ltr'>na-</span> 
     </span>
     <span class='ocr_line' id='line_1_32' title="bbox 100 1915 1449 1970; baseline -0.002 -11"><span class='ocrx_word' id='word_1_224' title='bbox 100 1918 162 1959; x_wconf 93' lang='lat' dir='ltr'>tio</span> <span class='ocrx_word' id='word_1_225' title='bbox 195 1918 375 1959; x_wconf 88' lang='lat' dir='ltr'>antehac</span> <span class='ocrx_word' id='word_1_226' title='bbox 406 1917 611 1958; x_wconf 83' lang='lat' dir='ltr'>bellatrix</span> <span class='ocrx_word' id='word_1_227' title='bbox 632 1919 675 1957; x_wconf 92' lang='lat' dir='ltr'>et</span> <span class='ocrx_word' id='word_1_228' title='bbox 706 1916 1006 1970; x_wconf 88' lang='lat' dir='ltr'>potentissima</span> <span class='ocrx_word' id='word_1_229' title='bbox 1024 1915 1252 1970; x_wconf 89' lang='lat' dir='ltr'>Persisque</span> <span class='ocrx_word' id='word_1_230' title='bbox 1282 1930 1449 1969; x_wconf 85' lang='lat' dir='ltr'>semper</span> 
     </span>
    </p>
   </div>
   <div class='ocr_carea' id='block_1_3' title="bbox 98 2076 1449 2390">
    <p class='ocr_par' dir='ltr' id='par_1_12' title="bbox 98 2076 1449 2390">
     <span class='ocr_line' id='line_1_33' title="bbox 193 2076 1447 2118; baseline -0.002 -5"><span class='ocrx_word' id='word_1_231' title='bbox 193 2084 210 2113; x_wconf 89' lang='lat'>1</span> <span class='ocrx_word' id='word_1_232' title='bbox 237 2089 390 2113; x_wconf 86' lang='lat' dir='ltr'>armana</span> <span class='ocrx_word' id='word_1_233' title='bbox 419 2078 486 2113; x_wconf 88' lang='lat' dir='ltr'>VP</span> <span class='ocrx_word' id='word_1_234' title='bbox 578 2081 600 2111; x_wconf 85' lang='lat'>4</span> <span class='ocrx_word' id='word_1_235' title='bbox 629 2077 747 2111; x_wconf 85' lang='lat' dir='ltr'>macie</span> <span class='ocrx_word' id='word_1_236' title='bbox 783 2078 1042 2111; x_wconf 88' lang='lat' dir='ltr'>internecante</span> <span class='ocrx_word' id='word_1_237' title='bbox 1078 2076 1284 2111; x_wconf 76' lang='lat' dir='ltr'>Salmasius</span> <span class='ocrx_word' id='word_1_238' title='bbox 1320 2078 1447 2118; x_wconf 67' lang='lat' dir='ltr'>(emere.</span> 
     </span>
     <span class='ocr_line' id='line_1_34' title="bbox 98 2121 1447 2168; baseline -0.004 -9"><span class='ocrx_word' id='word_1_239' title='bbox 98 2125 242 2168; x_wconf 54' lang='lat' dir='ltr'>plioap.</span> <span class='ocrx_word' id='word_1_240' title='bbox 259 2126 330 2158; x_wconf 78' lang='lat'>210</span> <span class='ocrx_word' id='word_1_241' title='bbox 347 2124 392 2166; x_wconf 87' lang='lat' dir='ltr'>b.)</span> <span class='ocrx_word' id='word_1_242' title='bbox 417 2123 536 2156; x_wconf 87' lang='lat' dir='ltr'>macie</span> <span class='ocrx_word' id='word_1_243' title='bbox 562 2122 821 2156; x_wconf 86' lang='lat' dir='ltr'>intermicante</span> <span class='ocrx_word' id='word_1_244' title='bbox 844 2122 1076 2156; x_wconf 85' lang='lat' dir='ltr'>Vmaximae</span> <span class='ocrx_word' id='word_1_245' title='bbox 1096 2132 1185 2156; x_wconf 89' lang='lat' dir='ltr'>auro</span> <span class='ocrx_word' id='word_1_246' title='bbox 1210 2121 1447 2155; x_wconf 88' lang='lat' dir='ltr'>intermican-</span> 
     </span>
     <span class='ocr_line' id='line_1_35' title="bbox 101 2165 1447 2213; baseline -0.003 -10"><span class='ocrx_word' id='word_1_247' title='bbox 101 2171 158 2204; x_wconf 84' lang='lat' dir='ltr'>tes</span> <span class='ocrx_word' id='word_1_248' title='bbox 183 2169 252 2213; x_wconf 82' lang='lat' dir='ltr'>b9a</span> <span class='ocrx_word' id='word_1_249' title='bbox 342 2173 362 2203; x_wconf 85' lang='lat'>5</span> <span class='ocrx_word' id='word_1_250' title='bbox 388 2168 572 2202; x_wconf 82' lang='lat' dir='ltr'>sementes</span> <span class='ocrx_word' id='word_1_251' title='bbox 597 2177 661 2201; x_wconf 85' lang='lat' dir='ltr'>om.</span> <span class='ocrx_word' id='word_1_252' title='bbox 682 2167 747 2211; x_wconf 71' lang='lat' dir='ltr'>bya</span> <span class='ocrx_word' id='word_1_253' title='bbox 842 2171 884 2201; x_wconf 86' lang='lat'>10</span> <span class='ocrx_word' id='word_1_254' title='bbox 908 2166 973 2201; x_wconf 87' lang='lat' dir='ltr'>sed</span> <span class='ocrx_word' id='word_1_255' title='bbox 1002 2166 1047 2199; x_wconf 75' lang='lat' dir='ltr'>V²</span> <span class='ocrx_word' id='word_1_256' title='bbox 1072 2177 1110 2200; x_wconf 91' lang='lat' dir='ltr'>es</span> <span class='ocrx_word' id='word_1_257' title='bbox 1135 2168 1174 2200; x_wconf 94' lang='lat' dir='ltr'>et</span> <span class='ocrx_word' id='word_1_258' title='bbox 1201 2166 1245 2199; x_wconf 90' lang='lat' dir='ltr'>V¹</span> <span class='ocrx_word' id='word_1_259' title='bbox 1319 2170 1357 2199; x_wconf 89' lang='lat'>17</span> <span class='ocrx_word' id='word_1_260' title='bbox 1385 2165 1447 2199; x_wconf 83' lang='lat' dir='ltr'>So-</span> 
     </span>
     <span class='ocr_line' id='line_1_36' title="bbox 102 2210 1449 2256; baseline -0.003 -8"><span class='ocrx_word' id='word_1_261' title='bbox 102 2213 221 2248; x_wconf 85' lang='lat' dir='ltr'>canda</span> <span class='ocrx_word' id='word_1_262' title='bbox 250 2213 382 2256; x_wconf 69' lang='lat' dir='ltr'>scrz&#39;psi</span> <span class='ocrx_word' id='word_1_263' title='bbox 411 2211 629 2255; x_wconf 84' lang='lat' dir='ltr'>soc&lt;o&gt;nda</span> <span class='ocrx_word' id='word_1_264' title='bbox 658 2211 693 2244; x_wconf 92' lang='lat' dir='ltr'><strong><em>V</em></strong></span> <span class='ocrx_word' id='word_1_265' title='bbox 789 2215 830 2245; x_wconf 80' lang='lat'>18</span> <span class='ocrx_word' id='word_1_266' title='bbox 854 2212 1077 2245; x_wconf 83' lang='lat' dir='ltr'>Asmurnam</span> <span class='ocrx_word' id='word_1_267' title='bbox 1108 2212 1147 2245; x_wconf 88' lang='lat' dir='ltr'>et</span> <span class='ocrx_word' id='word_1_268' title='bbox 1177 2210 1287 2245; x_wconf 85' lang='lat' dir='ltr'>Salen</span> <span class='ocrx_word' id='word_1_269' title='bbox 1317 2210 1449 2253; x_wconf 74' lang='lat' dir='ltr'>scripsi</span> 
     </span>
     <span class='ocr_line' id='line_1_37' title="bbox 102 2255 1448 2299; baseline -0.004 -6"><span class='ocrx_word' id='word_1_270' title='bbox 102 2269 277 2293; x_wconf 83' lang='lat' dir='ltr'>azmorna</span> <span class='ocrx_word' id='word_1_271' title='bbox 302 2259 340 2292; x_wconf 91' lang='lat' dir='ltr'>et</span> <span class='ocrx_word' id='word_1_272' title='bbox 363 2257 466 2292; x_wconf 87' lang='lat' dir='ltr'>solen</span> <span class='ocrx_word' id='word_1_273' title='bbox 495 2256 529 2290; x_wconf 80' lang='lat' dir='ltr'><em>V</em></span> <span class='ocrx_word' id='word_1_274' title='bbox 550 2260 602 2297; x_wconf 91' lang='lat' dir='ltr'>(m</span> <span class='ocrx_word' id='word_1_275' title='bbox 626 2258 826 2299; x_wconf 77' lang='lat' dir='ltr'>suprascr.)</span> <span class='ocrx_word' id='word_1_276' title='bbox 897 2261 938 2290; x_wconf 73' lang='grc'>21</span> <span class='ocrx_word' id='word_1_277' title='bbox 965 2256 1063 2290; x_wconf 85' lang='lat' dir='ltr'>abiei</span> <span class='ocrx_word' id='word_1_278' title='bbox 1092 2255 1207 2290; x_wconf 85' lang='lat' dir='ltr'>VPba</span> <span class='ocrx_word' id='word_1_279' title='bbox 1276 2259 1317 2289; x_wconf 72' lang='lat'>:27</span> <span class='ocrx_word' id='word_1_280' title='bbox 1336 2265 1448 2298; x_wconf 88' lang='lat' dir='ltr'>aqua-</span> 
     </span>
     <span class='ocr_line' id='line_1_38' title="bbox 102 2299 1448 2347; baseline -0.002 -11"><span class='ocrx_word' id='word_1_281' title='bbox 102 2314 185 2336; x_wconf 89' lang='lat' dir='ltr'>rum</span> <span class='ocrx_word' id='word_1_282' title='bbox 208 2302 390 2347; x_wconf 85' lang='lat' dir='ltr'>paenuria</span> <span class='ocrx_word' id='word_1_283' title='bbox 413 2302 481 2335; x_wconf 87' lang='lat' dir='ltr'>soli</span> <span class='ocrx_word' id='word_1_284' title='bbox 511 2301 545 2334; x_wconf 88' lang='lat' dir='ltr'><strong><em>V</em></strong></span> <span class='ocrx_word' id='word_1_285' title='bbox 567 2311 657 2344; x_wconf 74' lang='lat' dir='ltr'>quae</span> <span class='ocrx_word' id='word_1_286' title='bbox 681 2301 894 2344; x_wconf 73' lang='lat' dir='ltr'>transposui</span> <span class='ocrx_word' id='word_1_287' title='bbox 939 2302 1066 2335; x_wconf 85' lang='lat' dir='ltr'>tamen</span> <span class='ocrx_word' id='word_1_288' title='bbox 1091 2301 1232 2334; x_wconf 87' lang='lat' dir='ltr'>habent</span> <span class='ocrx_word' id='word_1_289' title='bbox 1256 2299 1396 2344; x_wconf 88' lang='lat' dir='ltr'>oppida</span> <span class='ocrx_word' id='word_1_290' title='bbox 1415 2299 1448 2333; x_wconf 76' lang='lat' dir='ltr'><strong><em>G</em></strong></span> 
     </span>
     <span class='ocr_line' id='line_1_39' title="bbox 101 2345 973 2390; baseline -0.002 -8"><span class='ocrx_word' id='word_1_291' title='bbox 101 2357 167 2382; x_wconf 85' lang='lat' dir='ltr'>om.</span> <span class='ocrx_word' id='word_1_292' title='bbox 192 2348 295 2382; x_wconf 84' lang='lat' dir='ltr'>codd.</span> <span class='ocrx_word' id='word_1_293' title='bbox 384 2351 426 2381; x_wconf 74' lang='lat'>28</span> <span class='ocrx_word' id='word_1_294' title='bbox 451 2346 598 2390; x_wconf 87' lang='lat' dir='ltr'>Nigaea</span> <span class='ocrx_word' id='word_1_295' title='bbox 621 2346 751 2389; x_wconf 67' lang='lat' dir='ltr'>scripsi</span> <span class='ocrx_word' id='word_1_296' title='bbox 774 2346 877 2380; x_wconf 89' lang='lat' dir='ltr'>nisea</span> <span class='ocrx_word' id='word_1_297' title='bbox 906 2345 973 2380; x_wconf 65' lang='grc' dir='ltr'>ΓΡ</span> 
     </span>
    </p>
   </div>
  </div>
 </body>
</html>
