1573 2508
167 90 250 133 316
699 71 820 108 xxm
844 75 876 113 ⁵,
901 72 1011 105 3—-11

170 188 235 225 tes
278 178 508 228 ordinaret,
547 186 600 215 ne
640 167 901 223 uagarentur
940 176 1016 217 per
1049 159 1221 214 Syriam
1257 156 1415 198 Persae
1455 153 1471 195 i
1502 173 1505 189 2

172 247 220 283 ut
251 237 397 294 paucis
431 237 528 276 ante
561 229 684 272 annis
717 239 812 267 cnm
843 221 1012 276 magnis
1043 216 1361 274 prouinciarum
1387 210 1515 262 confi,

180 303 298 353 gesat
329 294 508 337 damnis.
569 289 607 330 3.
637 298 833 338 namque,
866 295 960 323 cum
980 276 1237 320 Antiochiae
1269 274 1314 315 in
1346 271 1436 314 alto
1468 269 1526 313 si

181 356 314 398 lentio
349 350 549 394 scaenicis
581 346 693 388 ludis
738 343 893 383 mimus
939 352 1034 380 cum
1077 348 1208 377 uxore
1251 331 1456 374 inmissus
1509 349 1513 351 ·

181 414 321 456 medio
361 412 531 464 sumpta
564 404 772 461 quaedam
809 399 1063 448 imitaretur,
1099 391 1259 448 populo
1296 389 1478 435 uenusto,
1500 420 1523 440 ,-

183 471 371 515 attonito
417 468 599 510 coniunx
639 461 735 505 ‘nisi
773 471 945 500 somnus
978 454 1052 496 est’
1085 451 1228 506 inquit
1258 449 1325 490 ‘en
1354 446 1476 489 Pers·
1499 454 1528 481 :³
1572 472 1573 481 η

184 535 227 573 et
246 529 421 572 retortis
453 525 576 581 plebs
596 522 798 564 uniuersa
823 514 1055 560 ceruicibus
1083 506 1386 552 exaceruantia
1415 504 1462 546 in
1480 517 1515 546 s·

183 590 272 631 tela
303 587 521 629 declinans
561 579 779 636 spargitur
809 576 982 631 passim.
1043 571 1102 615 ita
1140 568 1316 610 ciuitate
1353 564 1508 621 inceaz

185 653 228 690 et
272 644 540 689 obtrtuicatis
583 638 791 694 pluribus,
835 635 907 690 qui
950 633 1068 688 pacis
1112 641 1228 672 more
1271 622 1522 679 palabant

187 706 374 758 effusius,
406 700 676 752 incensisque
709 696 816 737 locis
848 691 1046 734 finitimis
1079 692 1121 731 et
1151 683 1348 735 uastatis,
1386 693 1512 722 onus

187 764 343 820 praeda
375 761 523 803 hostes
556 758 609 800 ad
635 770 713 797 sua
731 754 977 796 remearunt
1009 748 1184 801 innoxii,
1214 739 1413 788 Mareade
1431 737 1495 780 ui·
1518 770 1520 773 v

189 826 352 874 exusto,
391 820 462 874 qui
502 832 573 859 eos
612 815 664 856 ad
703 826 875 854 suorum
913 808 1136 851 interitum
1170 805 1328 847 ciuium
1358 803 1502 844 duxer

190 879 445 923 inconsulte.
507 880 549 917 et
580 874 685 915 haec
720 871 892 926 quidem
925 866 1113 909 Gallieni
1145 862 1413 918 temporibus
1445 863 1524 905 eus

188 942 357 981 nerunt.

309 997 347 1037 4.
384 995 580 1036 Iulianus
617 1003 720 1031 uero
759 988 859 1028 dum
897 987 1091 1026 moratur
1130 981 1242 1036 apud
1280 977 1529 1022 Cercusium

191 1060 240 1098 ut
283 1069 359 1109 per
397 1052 597 1094 naualem
635 1048 809 1089 Aborae
846 1046 1022 1099 pontem
1062 1041 1273 1082 exercitus
1313 1040 1356 1079 et
1393 1049 1536 1078 omne

194 1113 391 1169 sequelae
426 1110 674 1160 transirent,
706 1106 876 1146 litteras
907 1102 1056 1143 tristes
1090 1098 1271 1141 Sallusti
1303 1095 1435 1138 Galli

195 1171 402 1227 praefecti
448 1167 636 1221 suscepit
681 1163 845 1205 orantis
896 1159 1097 1214 suspendi
1142 1155 1456 1211 expeditionem
1502 1152 1543 1189 ι’

195 1230 380 1273 Parthos
414 1225 777 1278 obtestantisque,
819 1235 872 1262 ne
911 1219 973 1260 ita
1016 1215 1319 1270 intempestiue
1355 1211 1543 1255 nondu-

196 1303 300 1344 pace
338 1287 561 1329 numinum
602 1284 777 1324 exorata
820 1276 1110 1320 inreuocabile
1152 1274 1318 1315 subiret
1355 1270 1555 1313 exitium

199 1350 237 1389 5.
258 1346 511 1401 posthabito
543 1347 688 1384 tamen
721 1351 895 1380 suasore
916 1334 1167 1378 cautissimo
1198 1330 1399 1373 fidentius
1429 1328 1534 1370 ultr
1565 1339 1573 1367 ί

196 1405 420 1457 tendebat,
461 1401 662 1457 quoniam
698 1397 821 1439 nulla
859 1396 926 1436 uis
964 1394 1153 1435 humana
1188 1390 1259 1432 uel
1291 1389 1432 1430 uirtus
1462 1401 1524 1428 m·

198 1465 335 1506 ruisse
379 1475 584 1516 umquam
627 1457 789 1512 potuit,
831 1457 881 1496 ut
924 1452 1036 1508 quod
1079 1447 1357 1505 praescripsit
1400 1444 1540 1487 fatali

199 1523 302 1565 ordo
335 1536 418 1562 non
451 1521 538 1561 fiat.
601 1516 833 1568 statimque
871 1515 1167 1564 transgressus
1205 1508 1380 1562 pontem
1418 1502 1544 1545 auell
1563 1515 1573 1556 ρ

200 1580 431 1635 praecepit,
461 1577 585 1619 necui
617 1575 806 1616 militum
827 1572 880 1612 ab
913 1568 1159 1623 agminibus
1190 1564 1378 1620 propriis
1411 1575 1534 1604 reuer
1563 1574 1573 1602 ι

201 1639 318 1680 tendi
364 1637 518 1678 fiducia
561 1633 814 1675 remaneret.
888 1628 926 1669 6.
963 1626 1058 1681 pari
1110 1628 1225 1666 sorte
1274 1623 1345 1663 hie
1384 1623 1573 1676 quoqut

202 1712 325 1739 omen
348 1693 600 1737 inlaetabile
620 1692 759 1732 uisum
781 1691 847 1729 est
859 1684 1118 1740 apparitoris
1134 1681 1355 1724 cuiusdam
1371 1678 1573 1731 cadauep

203 1758 423 1798 extentum
456 1751 666 1793 carnificis
700 1762 826 1789 manu
860 1744 1002 1797 deleti,
1032 1757 1156 1798 quem
1188 1739 1430 1795 praefectus
1463 1735 1573 1778 Sall

203 1815 358 1855 Iustius
379 1825 593 1867 praesenS,
620 1823 669 1849 ea
688 1821 732 1848 re
755 1803 966 1859 supplicio
988 1801 1163 1855 capitali
1183 1798 1420 1850 damnarat,
1440 1808 1545 1850 quo
1562 1808 1573 1835 1

204 1875 320 1914 intra
351 1869 660 1925 praestitutum
693 1865 806 1906 diem
839 1863 1143 1904 alimentorum
1175 1857 1454 1911 augmentum
1486 1852 1573 1894 exij

204 1932 352 1972 hibere
391 1927 612 1983 pollicitus
653 1939 753 1966 casu
792 1920 1036 1976 inpediente
1074 1918 1308 1958 frustratus
1341 1915 1419 1955 est.
1481 1925 1573 1965 sep

205 1988 448 2031 miserando
482 1985 653 2026 homine
687 1981 901 2023 trucidato
934 1976 1145 2032 postridie
1179 1973 1365 2026 aduenit,
1395 1972 1444 2012 ut
1477 1968 1573 2023 111-

207 2047 479 2102 promiserat,
512 2044 599 2085 alia
630 2040 780 2082 classis
814 2037 980 2079 abunde
1014 2035 1173 2076 uehens
1207 2044 1433 2074 annonam.

370 2141 463 2145 *a*
1560 2115 1573 2150 V

303 2183 316 2212 1
346 2188 390 2211 ne
417 2188 462 2210 ua
479 2175 645 2209 rarentur
673 2172 704 2205 (τ’
731 2182 750 2205 e
777 2171 850 2211 <est
873 2169 929 2210 ba)
956 2165 1179 2201 documento
1210 2162 1323 2197 VPba
1346 2171 1393 2195 ne
1419 2159 1522 2195 discu
1557 2161 1573 2196 el

209 2224 336 2259 retent
359 2222 468 2256 Kiess
486 2221 548 2263 inq
609 2223 629 2252 4
655 2215 787 2250 mimos
810 2214 877 2248 VP
925 2223 943 2246 e
971 2212 1003 2246 G
1030 2210 1066 2244 in
1097 2209 1209 2244 VPba
1260 2211 1301 2241 10
1323 2203 1489 2240 honestis
1524 2207 1533 2221 '
1557 2210 1573 2242 11

210 2266 376 2303 honustis
414 2265 495 2299 ΥΠ)
611 2267 651 2296 15
683 2260 870 2294 cercnstus
905 2256 947 2291 V¹
986 2255 1193 2290 cercustum
1227 2251 1313 2286 1⁷²1)
1428 2252 1467 2284 17
1504 2251 1573 2286 sel

211 2312 357 2358 quellae
387 2309 492 2344 VGA
517 2306 673 2342 asseclas
698 2305 718 2338 b
768 2308 809 2338 2²1
837 2303 934 2336 ultro
965 2300 1078 2335 VPba
1133 2302 1177 2332 ‘25
1193 2295 1307 2340 nequi
1335 2293 1403 2329 VG
1426 2294 1471 2327 ut
1493 2303 1534 2337 q·
1566 2299 1571 2311 ’

211 2358 268 2393 Pb
362 2356 426 2389 *31
456 2364 559 2387 casus
594 2350 656 2385 ΓΡ
681 2359 792 2383 causa
816 2348 858 2391 bg]
951 2350 992 2380 33
1017 2343 1156 2378 uehens
1181 2342 1247 2386 byn
1271 2339 1380 2374 rhene
1409 2337 1478 2374 VP
1531 2371 1538 2378 ,
1565 2342 1569 2352 ’
