1573 2508
105 71 186 115 192
562 61 703 99 XVIIII
731 64 782 104 11,
808 62 952 101 17-12,
978 61 1020 94 10
1058 27 1061 29 ⁵
1408 0 1553 122 ῪἺ

225 164 288 205 17.
321 161 428 203 Post
459 173 566 214 quae
597 160 687 198 tam
720 169 860 208 saeua,
897 151 1076 207 digestis
1109 163 1185 204 pro
1218 145 1446 189 securitate
1533 141 1545 180 ι’

102 224 302 275 limitum,
335 233 442 274 quae
462 217 650 259 rationes
669 213 902 256 monebant
926 211 1141 265 urgentes,
1172 203 1448 249 Constantius

105 282 310 325 Sirmium
348 277 459 319 redit
502 276 642 316 ferens
674 273 725 314 de
766 272 890 314 hoste
933 268 1079 310 fallaci
1117 266 1364 318 uindictam,
1407 264 1451 304 et

105 338 342 390 maturatis,
356 351 464 391 quae
479 332 753 377 necessitates
765 328 971 384 temporis
985 326 1219 382 poscebant
1228 324 1452 375 instantes,

107 412 302 454 egressus
331 394 481 437 exinde
502 388 924 444 Constantinopolim
955 386 1075 441 petit,
1106 387 1154 426 ut
1180 381 1335 426 orienti
1365 381 1453 423 iam
1470 389 1487 416 ⁵

107 457 326 513 proximus
365 453 557 495 cladibus
597 450 707 505 apud
746 447 947 490 Amidam
991 443 1231 485 mederetur
1269 438 1452 494 acceptis

109 521 151 559 et
194 515 485 567 redintegrato
531 507 838 564 supplementis
883 504 1070 547 exercitu
1112 502 1296 556 impetus
1338 497 1454 552 regis

108 575 338 617 Persarum
370 571 463 626 pari
496 569 653 611 uirium
684 567 840 608 robore
873 563 1103 615 cohiberet,
1136 574 1262 615 quem
1293 559 1456 600 consta-

108 635 198 688 bat,
228 632 273 673 ni
305 629 503 673 caelestis
524 627 636 669 ratio
657 624 959 679 inpensiorque
980 620 1208 675 repelleret
1226 632 1328 660 cura
1351 614 1458 657 mul-
1544 655 1546 657 ,

109 696 270 743 torum,
312 685 628 741 Mesopotamia
665 684 814 725 relicta
859 683 959 736 post
1001 682 1125 733 terga
1168 692 1243 731 per
1287 676 1512 717 extentam
1543 671 1549 681 ²

111 749 253 805 spatia
284 748 411 803 signa
441 748 669 787 moturum.

230 806 301 849 12.
338 807 373 847 1.
393 805 512 846 Inter
544 803 621 844 has
654 805 799 843 tamen
831 797 1143 841 sollicitudines
1175 795 1293 836 uelut
1317 807 1367 834 ex
1397 805 1460 832 re-

116 870 239 921 cepto
274 864 458 920 quodam
492 861 729 915 antiquitus
750 873 866 901 more
888 858 940 899 ad
960 856 1098 898 uicem
1128 854 1343 895 bellorum
1362 849 1462 892 ciui-

116 927 223 968 lium
264 923 474 965 inflabant
513 921 611 962 litui
644 919 851 974 quaedam
883 916 1075 958 colorata
1112 914 1251 955 laesae
1283 908 1462 952 crimina

116 982 367 1033 maiestatis,
406 994 587 1035 quormn
626 979 849 1019 exsecutor
887 978 928 1016 et
961 973 1210 1015 administer
1249 983 1373 1023 saepe
1405 966 1463 1008 di·
1485 976 1546 1002 15·

117 1041 295 1084 ctandus
334 1040 409 1081 ille
447 1038 640 1080 notarius
678 1036 834 1077 missus
874 1037 939 1075 est
974 1032 1151 1084 Paulus,
1193 1029 1263 1084 qui
1302 1027 1464 1082 peritus

118 1101 278 1143 artium
310 1099 582 1140 cruentarum
612 1099 660 1137 ut
692 1094 851 1136 lanista
883 1107 933 1133 ex
965 1089 1230 1132 commerciis
1269 1086 1465 1128 libitinae

117 1159 186 1201 uel
220 1158 324 1212 ludi,
355 1158 446 1211 ipse
469 1169 634 1210 quoque
668 1169 717 1195 ex
750 1152 894 1194 eculeo
927 1150 997 1191 uel
1029 1147 1224 1191 carnifice
1245 1146 1468 1201 quaestum

122 1219 392 1271 fructumque
414 1214 627 1269 captabat.
660 1214 699 1254 2.
718 1215 766 1253 ut
787 1211 900 1251 enim
922 1210 1012 1249 erat
1037 1207 1303 1249 obstinatum
1322 1203 1470 1245 fixum-

122 1291 203 1332 que
232 1276 321 1317 eius
354 1273 623 1328 propositum
645 1272 697 1313 ad
728 1268 993 1320 laedendum,
1023 1267 1085 1308 ita
1115 1280 1191 1307 nec
1217 1263 1344 1306 furtis
1377 1261 1470 1303 abs·
1490 1271 1523 1296 2⁰

123 1335 268 1387 tinuit,
299 1332 600 1375 imiocentibus
634 1329 820 1371 exitialis
859 1341 1007 1368 causas
1041 1324 1261 1379 adfingens
1294 1321 1394 1362 dum
1426 1319 1471 1361 in

125 1392 387 1436 calamitosis
422 1389 645 1444 stipendiis
678 1389 933 1430 uersaretur.

242 1452 280 1493 3.
312 1450 540 1492 Materiam
573 1451 714 1489 autem
746 1447 791 1487 in
822 1444 1035 1486 infinitum
1058 1439 1378 1496 quaestionibus
1406 1451 1473 1478 ex-

123 1510 347 1552 tendendis
386 1508 503 1549 dedit
539 1507 703 1548 occasio
742 1505 841 1546 uilis
881 1504 923 1543 et
960 1515 1106 1556 parua.
1168 1498 1372 1554 oppidum
1409 1498 1474 1537 est

124 1569 326 1623 Abydum
358 1568 403 1608 in
424 1565 657 1607 Thebaidis
689 1566 811 1618 parte
844 1562 974 1603 situm
995 1562 1197 1601 extrema.
1247 1557 1317 1598 hic
1337 1555 1473 1597 Besae
1494 1564 1527 1590 25

125 1629 193 1669 dei
225 1626 421 1668 localiter
454 1624 659 1678 adpellati
693 1621 914 1663 oraculum
947 1618 1161 1674 quondam
1193 1617 1337 1657 futura
1374 1627 1475 1669 pan-

127 1687 272 1739 debat,
310 1684 462 1739 priscis
503 1680 894 1723 circumiacentium
939 1677 1164 1731 regionum
1206 1672 1475 1716 caerimoniis

128 1745 305 1787 solitum
338 1742 434 1784 coli.
496 1742 535 1782 4.
568 1744 610 1781 et
643 1739 844 1794 quoniam
877 1737 1048 1792 quidam
1081 1735 1340 1789 praesentes,
1376 1744 1475 1786 pars

128 1819 204 1858 per
242 1802 350 1843 alios
383 1799 692 1841 desideriorum
730 1797 868 1838 indice
907 1796 1039 1836 missa
1077 1793 1288 1847 scriptura
1320 1788 1479 1844 suppli-

130 1861 369 1904 cationibus
403 1873 599 1913 expresse.
632 1856 848 1910 conceptis
877 1854 1070 1895 consulta
1102 1851 1324 1893 numinum
1355 1848 1479 1891 scita·
1498 1858 1532 1884 ³⁰

130 1922 300 1972 bantur,
345 1918 566 1959 chartulae
612 1932 684 1957 seu
730 1914 1016 1964 membranae,
1062 1911 1327 1952 continentes
1373 1920 1479 1962 quae

131 1979 406 2033 petebantur,
444 1978 543 2030 post
580 1976 680 2016 (lata
718 1988 886 2028 quoque
924 1985 1130 2024 responsa
1168 1968 1381 2009 interdum
1418 1979 1480 2006 re-

223 2079 243 2108 2
269 2075 429 2108 limitum
465 2072 628 2106 Valesius·
653 2071 814 2104 militum
840 2067 944 2104 codd.
1039 2072 1059 2101 5
1085 2078 1103 2099 e
1134 2076 1252 2099 ressus
1279 2064 1311 2097 G
1336 2072 1482 2108 gressus

139 2120 251 2154 VPba
349 2123 387 2152 1:⁷1
425 2116 620 2150 dictandus
660 2115 822 2149 Iv'alesius
858 2112 1051 2147 dictaneus
1093 2111 1196 2144 IAP
1231 2107 1411 2143 dicendus
1448 2106 1481 2140 G

135 2164 257 2198 dictus
283 2164 424 2197 Cateua
449 2162 605 2204 Lanam
685 2164 722 2194 16
749 2160 891 2204 peritus
907 2157 1010 2201 Pbya
1035 2156 1210 2200 perritius
1240 2153 1271 2186 V
1359 2155 1397 2186 21
1419 2150 1480 2185 ad-

136 2208 280 2253 fingens
317 2208 403 2240 dum
439 2208 470 2239 G
515 2205 709 2250 adfringen
721 2231 798 2238 .....
821 2203 936 2244 {dum
980 2201 1013 2235 V
1046 2197 1357 2244 adstringendum
1403 2195 1485 2230 Pba
1542 2225 1547 2239 ,

136 2257 179 2288 24
205 2263 323 2297 parua
349 2252 380 2283 (ν’
407 2262 501 2295 pura
534 2250 642 2284 I'I’ba
735 2253 778 2283 Ξῖ)
804 2248 912 2292 parte
942 2246 1052 2280 situm
1080 2246 1248 2279 extrema
1273 2242 1344 2277 GA
1369 2240 1485 2285 partis

139 2298 292 2376 (thitides,
316 2296 349 2339 b)
387 2296 473 2328 ‹lum
509 2296 674 2328 extremo
709 2293 793 2328 VPb
841 2296 882 2326 :31
923 2290 1085 2326 cartulae
1120 2309 1158 2314 —
1192 2292 1234 2323 32
1259 2286 1486 2331 petebantur
1534 2287 1547 2336 ξ

139 2353 163 2376 α
221 2369 227 2375 .
292 2348 314 2363 ¹¹¹
1536 2336 1547 2350 '⁴
