1614 2549
393 54 730 92 CONSTANTIVS
754 55 818 90 ΕΤ
841 55 1074 91 IVLIANVS
1098 59 1163 90 361
1367 58 1451 100 243

95 150 356 204 domesticis,
397 149 590 204 aliosque
630 149 775 204 plures
808 164 859 191 ex
890 150 1073 192 arbitrio
1116 164 1191 191 suo
1229 151 1445 194 militibus

93 208 293 264 regendis
315 208 527 263 adposuit,
548 223 727 263 quorum
748 210 904 251 merita
923 211 1051 251 norat
1072 211 1115 250 et
1134 209 1272 251 fidem.
1299 210 1338 251 2.
1351 224 1447 264 pro-

93 267 280 310 fecturus
318 267 465 322 itaque
501 282 578 334 per
610 266 853 310 Marcianas
893 268 1027 310 siluas
1059 268 1238 324 uiasque
1277 269 1445 311 iunctas

92 326 234 368 Histri
265 326 454 368 fluminis
487 326 605 381 ripis,
637 327 751 368 inter
783 327 927 368 subita
946 327 1225 369 uehementer
1255 327 1445 370 incertus

57 396 73 420 5
93 385 135 426 id
175 385 406 427 uerebatur
449 400 502 426 110
548 388 819 440 contemptus
864 389 912 427 ut
949 387 1258 428 comitantibus
1296 387 1445 440 paucis

91 444 412 486 multitudinem
462 444 693 485 offenderet
741 448 1067 499 repugnantem.
1138 446 1176 487 3.
1228 445 1341 500 quod
1389 460 1444 487 110

90 502 213 544 fieret
246 503 425 545 consilio
468 503 637 544 sollerti
676 503 891 557 praeuidit
931 507 973 545 et
1015 503 1260 558 agminibus
1303 504 1445 546 distri-

90 562 220 616 butis,
256 577 333 617 per
370 562 527 604 itinera
559 561 715 603 Italiae
747 565 852 604 nota
891 562 1101 617 quosdam
1137 565 1467 617 properaturos·

90 636 186 662 cum
206 620 355 662 Iouino
388 621 509 662 misit
529 624 571 662 et
591 620 726 675 Iouio,
758 621 867 663 alios
899 636 977 676 per
999 621 1316 663 mediterranea
1334 621 1443 663 Rae-

37 690 70 714 10
90 680 251 721 tiarum
295 680 505 734 magistro
552 680 745 746 equitum
788 679 994 722 Neuittae
1040 681 1315 735 commissos,
1361 695 1445 735 quo

88 738 231 780 diffusi
261 753 338 793 pei
357 739 479 780 uaria
500 739 747 793 opinionem
766 740 931 780 numeri
951 740 1241 794 praeberent
1230 740 1444 794 immensi,

87 797 399 853 formidineque
432 801 585 840 cuncta
624 799 885 852 conpleiQent
947 799 989 840 id
1029 799 1144 840 enim
1185 802 1227 840 et
1258 798 1446 840 Alexan-

87 856 160 897 der
190 856 376 911 Magnus
410 860 452 898 et
471 857 622 898 deinde
656 857 733 898 alii
762 857 908 912 plures
935 858 1112 912 negotio
1145 858 1208 899 ita
1239 860 1445 911 poscente

85 915 214 969 periti
245 916 382 957 fecere
403 916 614 957 ductores.
674 917 714 957 4.
734 916 971 958 mandabat
1002 919 1149 958 tamen
1176 916 1374 970 egressis,
1394 919 1445 958 ut

30 990 63 1015 15
82 978 306 1029 tamquam
337 975 460 1017 hoste
491 975 688 1029 protinus
709 989 936 1016 occursuro
968 975 1102 1016 tutius
1136 975 1429 1031 graderentur,

84 1034 378 1088 stationesque
397 1036 629 1076 nocturnas
651 1037 830 1089 agerent
850 1037 892 1075 et
912 1034 1100 1089 uigilias,
1122 1049 1176 1076 ne
1197 1034 1433 1089 improuiso

82 1091 260 1134 hostium
292 1092 595 1134 inuaderentur
627 1107 820 1134 excursu.

201 1151 246 1193 9.
283 1152 318 1193 1.
358 1152 522 1201 Quibus
567 1152 642 1206 ita,
684 1154 734 1193 ut
770 1152 1011 1205 uidebatur,
1055 1154 1154 1206 apte
1200 1152 1436 1206 dispositiS,

82 1224 199 1252 more
221 1225 304 1265 quo
337 1213 502 1252 tractus
522 1213 777 1265 perruperat
810 1226 937 1265 saepe
970 1211 1234 1265 barbaricos,
1267 1213 1439 1253 contex-

28 1286 64 1310 20
83 1270 140 1310 tis
174 1270 442 1311 successibus
475 1269 610 1311 fidens
641 1270 880 1324 porrectius
913 1270 975 1311 ire
996 1270 1217 1325 pergebat.
1267 1270 1307 1311 2.
1327 1285 1440 1312 cum-

83 1343 163 1383 que
209 1328 262 1370 ad
305 1329 448 1370 locum
492 1329 693 1382 uenisset,
736 1329 846 1370 unde
882 1329 1084 1383 nauigari
1120 1343 1248 1383 posse
1286 1329 1438 1370 didicit

81 1387 252 1442 flumen,
294 1387 450 1429 lembis
484 1388 688 1442 escensis,
733 1402 840 1442 quos
885 1390 1095 1442 oportune
1132 1387 1223 1429 fors
1261 1387 1438 1430 dederat

80 1447 304 1501 plurimOS,
334 1461 410 1501 per
442 1447 624 1500 alueum,
657 1450 865 1502 quantum
896 1447 990 1488 fieri
1021 1447 1178 1501 potuit,
1215 1446 1437 1488 ferebatur

82 1505 259 1560 occulte,
290 1505 385 1547 ideo
419 1506 560 1547 latens
582 1506 694 1561 quod
725 1506 964 1547 toleranter
997 1509 1039 1547 et
1070 1505 1243 1547 fortiter
1273 1506 1436 1547 nullius

27 1577 61 1603 25
82 1564 168 1606 cibi
205 1564 401 1619 indigens
440 1565 677 1606 mundioris
718 1565 791 1606 sed
827 1565 976 1619 paucis
1010 1566 1234 1606 contentus
1267 1568 1310 1606 et
1340 1564 1438 1606 uili-

80 1623 174 1678 10110,
217 1623 374 1678 oppida
417 1623 652 1665 forinsecus
696 1624 914 1665 transibat
953 1626 995 1664 et
1033 1625 1192 1677 castra,
1236 1623 1435 1665 imitatus

81 1683 305 1737 egregium
341 1682 450 1724 illud
483 1681 584 1737 Cyri
616 1683 774 1724 ueteris
809 1683 983 1738 dictum,
1021 1683 1231 1737 qui‘cum
1263 1682 1432 1724 delatus

81 1741 134 1783 ad
163 1741 381 1796 hospitem
413 1742 755 1797 interrogaretur
788 1742 841 1784 ab
876 1756 938 1796 eo,
971 1742 1073 1796 quid
1100 1741 1154 1783 ad
1186 1741 1435 1783 conuiuium

78 1801 225 1854 parari
251 1801 436 1854 deberet,
455 1815 611 1855 panem
630 1800 913 1855 responderat
933 1801 1093 1842 solum:
1127 1815 1299 1855 sperare
1321 1800 1436 1842 enim

25 1872 59 1897 30
80 1859 225 1901 aiebat
253 1874 387 1914 prope
408 1860 550 1902 riuum
582 1875 627 1901 se
648 1862 910 1901 cenaturum.
973 1860 1011 1901 3.
1043 1860 1160 1901 fama
1180 1874 1295 1912 uero,
1322 1873 1431 1913 quae

79 1918 212 1973 mille,
243 1921 291 1960 ut
323 1919 455 1974 afluit,
499 1919 659 1974 linguis
698 1933 841 1961 rerum
870 1919 977 1960 mire
1011 1920 1249 1973 exaggerat
1292 1917 1432 1973 fidem,

78 2123 97 2154 9
123 2075 353 2154 ιοὲῑὲὲᾞᾶἱ
373 2074 645 2155 {51320231229
726 2079 773 2155 13
791 2073 1436 2170 §eeffisssstufiibfflufiiiibssuieffl

82 2163 137 2200 Vb
161 2164 264 2199 euita
286 2165 323 2200 P
394 2169 434 2199 11
460 2165 631 2200 immensi
659 2164 693 2200 G
717 2175 871 2199 enmens
897 2166 948 2209 (m
971 2174 1155 2208 suprascr
1186 2163 1233 2207 V)
1263 2162 1334 2198 VP
1357 2164 1435 2198 ani-

76 2220 156 2244 mos
180 2210 225 2244 ba
274 2213 314 2244 16
338 2220 385 2244 ne
409 2210 613 2255 improuiso
638 2209 907 2244 inuaderentur
926 2208 959 2244 G
975 2220 1062 2244 nem
1115 2209 1239 2245 rouiso
1262 2220 1330 2245 suo
1350 2209 1434 2260 [lac.

76 2257 120 2290 15
145 2255 228 2301 zita]
254 2254 562 2290 minuaderentur
591 2254 659 2290 VP
686 2255 850 2289 hostium
880 2254 1033 2290 addidit
1096 2254 1236 2299 yssenh.
1311 2257 1356 2289 20
1378 2254 1433 2287 ire

76 2299 145 2344 bya
168 2311 208 2335 re
238 2299 306 2334 VP
374 2304 417 2334 21
442 2311 550 2344 posse
578 2300 648 2335 GA
671 2299 785 2335 fuisse
814 2299 905 2335 VPb
962 2303 1005 2333 24
1031 2300 1071 2334 et
1095 2300 1246 2334 fortiter
1268 2299 1356 2336 add.
1376 2297 1433 2332 Vm

77 2348 118 2379 31
144 2355 268 2379 rerum
292 2344 385 2379 mire
416 2345 583 2380 Valesius
606 2355 731 2379 rerum
755 2344 889 2379 misere
915 2344 1020 2380 codd.
1311 2378 1316 2383 ,

1149 2405 1221 2437 16*
