<?xml version="1.0" encoding="UTF-8"?>
<!DOCTYPE html PUBLIC "-//W3C//DTD XHTML 1.0 Transitional//EN"
    "http://www.w3.org/TR/xhtml1/DTD/xhtml1-transitional.dtd">
<html xmlns="http://www.w3.org/1999/xhtml" xml:lang="en" lang="en">
 <head>
  <title>
</title>
<meta http-equiv="Content-Type" content="text/html;charset=utf-8" />
  <meta name='ocr-system' content='tesseract 3.04.00' />
  <meta name='ocr-capabilities' content='ocr_page ocr_carea ocr_par ocr_line ocrx_word'/>
</head>
<body>
  <div class='ocr_page' id='page_1' title='image "./rerumgestarumlib01ammiuoft_0109.png"; bbox 0 0 1614 2549; ppageno 0'>
   <div class='ocr_carea' id='block_1_1' title="bbox 541 65 1427 110">
    <p class='ocr_par' dir='ltr' id='par_1_1' title="bbox 541 65 1427 110">
     <span class='ocr_line' id='line_1_1' title="bbox 541 65 1427 110; baseline 0.008 -9"><span class='ocrx_word' id='word_1_1' title='bbox 541 65 879 102; x_wconf 77' lang='lat' dir='ltr'>CONSTANTIVS</span> <span class='ocrx_word' id='word_1_2' title='bbox 906 70 971 102; x_wconf 84' lang='lat'>355</span> <span class='ocrx_word' id='word_1_3' title='bbox 1376 67 1427 110; x_wconf 82' lang='lat' dir='ltr'>ssl</span> 
     </span>
    </p>
   </div>
   <div class='ocr_carea' id='block_1_2' title="bbox 0 160 1436 1685">
    <p class='ocr_par' dir='ltr' id='par_1_2' title="bbox 0 160 1436 1683">
     <span class='ocr_line' id='line_1_2' title="bbox 80 160 1430 215; baseline -0.002 -11"><span class='ocrx_word' id='word_1_4' title='bbox 80 162 243 204; x_wconf 89' lang='lat' dir='ltr'>niciosa</span> <span class='ocrx_word' id='word_1_5' title='bbox 274 162 480 203; x_wconf 90' lang='lat' dir='ltr'>uitiorum</span> <span class='ocrx_word' id='word_1_6' title='bbox 512 164 577 203; x_wconf 92' lang='lat' dir='ltr'>est</span> <span class='ocrx_word' id='word_1_7' title='bbox 609 161 752 203; x_wconf 79' lang='lat' dir='ltr'>altrix.</span> <span class='ocrx_word' id='word_1_8' title='bbox 785 177 834 203; x_wconf 91' lang='lat' dir='ltr'>ea</span> <span class='ocrx_word' id='word_1_9' title='bbox 867 161 1036 202; x_wconf 89' lang='lat' dir='ltr'>demum</span> <span class='ocrx_word' id='word_1_10' title='bbox 1057 160 1171 202; x_wconf 90' lang='lat' dir='ltr'>enim</span> <span class='ocrx_word' id='word_1_11' title='bbox 1191 160 1283 202; x_wconf 87' lang='lat' dir='ltr'>laus</span> <span class='ocrx_word' id='word_1_12' title='bbox 1305 164 1430 215; x_wconf 82' lang='lat' dir='ltr'>grata</span> 
     </span>
     <span class='ocr_line' id='line_1_3' title="bbox 81 219 1430 274; baseline -0.001 -12"><span class='ocrx_word' id='word_1_13' title='bbox 81 235 173 262; x_wconf 86' lang='lat' dir='ltr'>esse</span> <span class='ocrx_word' id='word_1_14' title='bbox 211 221 417 274; x_wconf 73' lang='lat' dir='ltr'><strong>potestati</strong></span> <span class='ocrx_word' id='word_1_15' title='bbox 458 220 586 262; x_wconf 89' lang='lat' dir='ltr'>debet</span> <span class='ocrx_word' id='word_1_16' title='bbox 624 220 834 274; x_wconf 78' lang='lat' dir='ltr'>excelsae,</span> <span class='ocrx_word' id='word_1_17' title='bbox 874 234 968 261; x_wconf 88' lang='lat' dir='ltr'>cum</span> <span class='ocrx_word' id='word_1_18' title='bbox 1001 219 1215 261; x_wconf 88' lang='lat' dir='ltr'>interdum</span> <span class='ocrx_word' id='word_1_19' title='bbox 1249 222 1291 260; x_wconf 91' lang='lat' dir='ltr'>et</span> <span class='ocrx_word' id='word_1_20' title='bbox 1321 220 1430 260; x_wconf 91' lang='lat' dir='ltr'>uitu-</span> 
     </span>
     <span class='ocr_line' id='line_1_4' title="bbox 81 278 1040 333; baseline -0.001 -13"><span class='ocrx_word' id='word_1_21' title='bbox 81 279 295 333; x_wconf 89' lang='lat' dir='ltr'>perationi</span> <span class='ocrx_word' id='word_1_22' title='bbox 327 293 446 320; x_wconf 86' lang='lat' dir='ltr'>secus</span> <span class='ocrx_word' id='word_1_23' title='bbox 480 282 701 333; x_wconf 89' lang='lat' dir='ltr'>gestorum</span> <span class='ocrx_word' id='word_1_24' title='bbox 731 281 880 332; x_wconf 86' lang='lat' dir='ltr'>pateat</span> <span class='ocrx_word' id='word_1_25' title='bbox 910 278 1040 319; x_wconf 90' lang='lat' dir='ltr'>locus.</span> 
     </span>
     <span class='ocr_line' id='line_1_5' title="bbox 200 337 1430 392; baseline -0.002 -13"><span class='ocrx_word' id='word_1_26' title='bbox 200 338 243 380; x_wconf 82' lang='lat'>6.</span> <span class='ocrx_word' id='word_1_27' title='bbox 268 338 304 378; x_wconf 89' lang='grc'>1.</span> <span class='ocrx_word' id='word_1_28' title='bbox 330 337 505 392; x_wconf 86' lang='lat' dir='ltr'>Iamque</span> <span class='ocrx_word' id='word_1_29' title='bbox 526 353 601 392; x_wconf 89' lang='lat' dir='ltr'>per</span> <span class='ocrx_word' id='word_1_30' title='bbox 622 337 896 379; x_wconf 80' lang='lat' dir='ltr'>securitatem</span> <span class='ocrx_word' id='word_1_31' title='bbox 917 337 1187 390; x_wconf 77' lang='lat' dir='ltr'>quaestiones</span> <span class='ocrx_word' id='word_1_32' title='bbox 1209 337 1430 391; x_wconf 87' lang='lat' dir='ltr'>agitaban-</span> 
     </span>
     <span class='ocr_line' id='line_1_6' title="bbox 42 395 1429 451; baseline 0 -15"><span class='ocrx_word' id='word_1_33' title='bbox 42 407 62 434; x_wconf 81' lang='grc'>5</span> <span class='ocrx_word' id='word_1_34' title='bbox 81 399 151 438; x_wconf 87' lang='lat' dir='ltr'>tur</span> <span class='ocrx_word' id='word_1_35' title='bbox 166 411 216 437; x_wconf 81' lang='lat' dir='ltr'>ex</span> <span class='ocrx_word' id='word_1_36' title='bbox 236 411 353 438; x_wconf 88' lang='lat' dir='ltr'>more</span> <span class='ocrx_word' id='word_1_37' title='bbox 375 399 417 437; x_wconf 91' lang='lat' dir='ltr'>et</span> <span class='ocrx_word' id='word_1_38' title='bbox 436 396 619 438; x_wconf 87' lang='lat' dir='ltr'>uinculis</span> <span class='ocrx_word' id='word_1_39' title='bbox 641 396 885 451; x_wconf 83' lang='lat' dir='ltr'>catenisque</span> <span class='ocrx_word' id='word_1_40' title='bbox 906 395 1050 449; x_wconf 88' lang='lat' dir='ltr'>plures</span> <span class='ocrx_word' id='word_1_41' title='bbox 1070 398 1119 436; x_wconf 92' lang='lat' dir='ltr'>ut</span> <span class='ocrx_word' id='word_1_42' title='bbox 1137 396 1256 437; x_wconf 86' lang='lat' dir='ltr'>noxii</span> <span class='ocrx_word' id='word_1_43' title='bbox 1274 395 1429 449; x_wconf 86' lang='lat' dir='ltr'>plecte-</span> 
     </span>
     <span class='ocr_line' id='line_1_7' title="bbox 80 452 1431 510; baseline 0 -15"><span class='ocrx_word' id='word_1_44' title='bbox 80 455 248 496; x_wconf 84' lang='lat' dir='ltr'>bantur.</span> <span class='ocrx_word' id='word_1_45' title='bbox 295 456 532 510; x_wconf 79' lang='lat' dir='ltr'>exurgebat</span> <span class='ocrx_word' id='word_1_46' title='bbox 563 454 675 495; x_wconf 83' lang='lat' dir='ltr'>enim</span> <span class='ocrx_word' id='word_1_47' title='bbox 708 455 914 496; x_wconf 86' lang='lat' dir='ltr'>efferuens</span> <span class='ocrx_word' id='word_1_48' title='bbox 947 454 1115 495; x_wconf 88' lang='lat' dir='ltr'>laetitia</span> <span class='ocrx_word' id='word_1_49' title='bbox 1146 452 1316 507; x_wconf 88' lang='lat' dir='ltr'>Paulus,</span> <span class='ocrx_word' id='word_1_50' title='bbox 1348 456 1431 495; x_wconf 85' lang='lat' dir='ltr'>tar-</span> 
     </span>
     <span class='ocr_line' id='line_1_8' title="bbox 80 512 1430 567; baseline -0.001 -13"><span class='ocrx_word' id='word_1_51' title='bbox 80 516 223 555; x_wconf 89' lang='lat' dir='ltr'>tareus</span> <span class='ocrx_word' id='word_1_52' title='bbox 256 514 331 555; x_wconf 88' lang='lat' dir='ltr'>ille</span> <span class='ocrx_word' id='word_1_53' title='bbox 364 514 545 567; x_wconf 87' lang='lat' dir='ltr'>delator,</span> <span class='ocrx_word' id='word_1_54' title='bbox 584 514 638 555; x_wconf 87' lang='lat' dir='ltr'>ad</span> <span class='ocrx_word' id='word_1_55' title='bbox 669 516 900 555; x_wconf 86' lang='lat' dir='ltr'>uenenatas</span> <span class='ocrx_word' id='word_1_56' title='bbox 940 515 1053 554; x_wconf 86' lang='lat' dir='ltr'>artes</span> <span class='ocrx_word' id='word_1_57' title='bbox 1094 528 1192 554; x_wconf 87' lang='lat' dir='ltr'>suas</span> <span class='ocrx_word' id='word_1_58' title='bbox 1231 512 1430 554; x_wconf 87' lang='lat' dir='ltr'>licentius</span> 
     </span>
     <span class='ocr_line' id='line_1_9' title="bbox 82 571 1430 627; baseline -0.002 -13"><span class='ocrx_word' id='word_1_59' title='bbox 82 573 351 625; x_wconf 78' lang='lat' dir='ltr'>exercendas,</span> <span class='ocrx_word' id='word_1_60' title='bbox 384 576 426 614; x_wconf 91' lang='lat' dir='ltr'>et</span> <span class='ocrx_word' id='word_1_61' title='bbox 457 572 772 627; x_wconf 84' lang='lat' dir='ltr'>inquirentibus</span> <span class='ocrx_word' id='word_1_62' title='bbox 800 573 844 612; x_wconf 88' lang='lat' dir='ltr'>in</span> <span class='ocrx_word' id='word_1_63' title='bbox 863 571 1086 626; x_wconf 80' lang='lat' dir='ltr'>negotium</span> <span class='ocrx_word' id='word_1_64' title='bbox 1106 571 1430 612; x_wconf 84' lang='lat' dir='ltr'>consistorianis</span> 
     </span>
     <span class='ocr_line' id='line_1_10' title="bbox 82 630 1431 685; baseline -0.002 -13"><span class='ocrx_word' id='word_1_65' title='bbox 82 634 208 685; x_wconf 83' lang='lat' dir='ltr'>atque</span> <span class='ocrx_word' id='word_1_66' title='bbox 241 631 521 684; x_wconf 88' lang='lat' dir='ltr'>militaribus,</span> <span class='ocrx_word' id='word_1_67' title='bbox 554 634 596 672; x_wconf 90' lang='lat' dir='ltr'>et</span> <span class='ocrx_word' id='word_1_68' title='bbox 626 634 902 685; x_wconf 85' lang='lat' dir='ltr'>praeceptum</span> <span class='ocrx_word' id='word_1_69' title='bbox 936 633 1017 684; x_wconf 90' lang='lat' dir='ltr'>est,</span> <span class='ocrx_word' id='word_1_70' title='bbox 1049 630 1257 672; x_wconf 87' lang='lat' dir='ltr'>Proculus</span> <span class='ocrx_word' id='word_1_71' title='bbox 1290 630 1431 670; x_wconf 89' lang='lat' dir='ltr'>admo-</span> 
     </span>
     <span class='ocr_line' id='line_1_11' title="bbox 0 688 1432 743; baseline 0.001 -16"><span class='ocrx_word' id='word_1_72' title='bbox 0 700 63 734; x_wconf 49' lang='lat'>310</span> <span class='ocrx_word' id='word_1_73' title='bbox 82 693 205 731; x_wconf 89' lang='lat' dir='ltr'>uetur</span> <span class='ocrx_word' id='word_1_74' title='bbox 250 691 414 743; x_wconf 84' lang='lat' dir='ltr'>eculeo,</span> <span class='ocrx_word' id='word_1_75' title='bbox 461 689 627 732; x_wconf 78' lang='lat' dir='ltr'>Siluani</span> <span class='ocrx_word' id='word_1_76' title='bbox 672 690 948 741; x_wconf 74' lang='lat' dir='ltr'>domesticus,</span> <span class='ocrx_word' id='word_1_77' title='bbox 992 689 1122 730; x_wconf 91' lang='lat' dir='ltr'>homo</span> <span class='ocrx_word' id='word_1_78' title='bbox 1168 688 1344 743; x_wconf 88' lang='lat' dir='ltr'>gracilis</span> <span class='ocrx_word' id='word_1_79' title='bbox 1390 692 1432 728; x_wconf 89' lang='lat' dir='ltr'>et</span> 
     </span>
     <span class='ocr_line' id='line_1_12' title="bbox 0 743 1431 802; baseline -0.002 -12"><span class='ocrx_word' id='word_1_80' title='bbox 0 743 1 755; x_wconf 51' lang='lat'>¹</span> <span class='ocrx_word' id='word_1_81' title='bbox 82 749 319 802; x_wconf 57' lang='lat' dir='ltr'>morbosus,</span> <span class='ocrx_word' id='word_1_82' title='bbox 352 749 639 790; x_wconf 88' lang='lat' dir='ltr'>metuentibus</span> <span class='ocrx_word' id='word_1_83' title='bbox 668 749 843 802; x_wconf 75' lang='lat' dir='ltr'>cunctis,</span> <span class='ocrx_word' id='word_1_84' title='bbox 874 763 926 789; x_wconf 89' lang='lat' dir='ltr'>ne</span> <span class='ocrx_word' id='word_1_85' title='bbox 959 748 1003 789; x_wconf 90' lang='lat' dir='ltr'>ui</span> <span class='ocrx_word' id='word_1_86' title='bbox 1034 748 1168 788; x_wconf 88' lang='lat' dir='ltr'>nimia</span> <span class='ocrx_word' id='word_1_87' title='bbox 1199 750 1431 788; x_wconf 85' lang='lat' dir='ltr'>tormento-</span> 
     </span>
     <span class='ocr_line' id='line_1_13' title="bbox 82 806 1432 862; baseline -0.001 -14"><span class='ocrx_word' id='word_1_88' title='bbox 82 821 177 848; x_wconf 88' lang='lat' dir='ltr'>rum</span> <span class='ocrx_word' id='word_1_89' title='bbox 222 808 309 849; x_wconf 91' lang='lat' dir='ltr'>leui</span> <span class='ocrx_word' id='word_1_90' title='bbox 359 823 535 862; x_wconf 88' lang='lat' dir='ltr'>corpore</span> <span class='ocrx_word' id='word_1_91' title='bbox 581 808 765 862; x_wconf 83' lang='lat' dir='ltr'>fatigato</span> <span class='ocrx_word' id='word_1_92' title='bbox 810 821 905 848; x_wconf 88' lang='lat' dir='ltr'>reos</span> <span class='ocrx_word' id='word_1_93' title='bbox 951 807 1158 848; x_wconf 87' lang='lat' dir='ltr'>atrocium</span> <span class='ocrx_word' id='word_1_94' title='bbox 1205 806 1432 847; x_wconf 86' lang='lat' dir='ltr'>criminum</span> 
     </span>
     <span class='ocr_line' id='line_1_14' title="bbox 79 866 1432 920; baseline -0.001 -14"><span class='ocrx_word' id='word_1_95' title='bbox 79 867 321 920; x_wconf 80' lang='lat' dir='ltr'>promiscue</span> <span class='ocrx_word' id='word_1_96' title='bbox 355 867 479 908; x_wconf 89' lang='lat' dir='ltr'>citari</span> <span class='ocrx_word' id='word_1_97' title='bbox 517 866 677 908; x_wconf 81' lang='lat' dir='ltr'>faceret</span> <span class='ocrx_word' id='word_1_98' title='bbox 708 866 880 907; x_wconf 90' lang='lat' dir='ltr'>multos.</span> <span class='ocrx_word' id='word_1_99' title='bbox 942 879 1090 906; x_wconf 90' lang='lat' dir='ltr'>uerum</span> <span class='ocrx_word' id='word_1_100' title='bbox 1123 867 1273 906; x_wconf 86' lang='lat' dir='ltr'>contra</span> <span class='ocrx_word' id='word_1_101' title='bbox 1305 879 1432 918; x_wconf 83' lang='lat' dir='ltr'>quam</span> 
     </span>
     <span class='ocr_line' id='line_1_15' title="bbox 83 923 1431 980; baseline -0.001 -15"><span class='ocrx_word' id='word_1_102' title='bbox 83 928 300 978; x_wconf 87' lang='lat' dir='ltr'>speratum</span> <span class='ocrx_word' id='word_1_103' title='bbox 314 928 379 966; x_wconf 90' lang='lat' dir='ltr'>est</span> <span class='ocrx_word' id='word_1_104' title='bbox 399 926 592 980; x_wconf 87' lang='lat' dir='ltr'>contigit.</span> <span class='ocrx_word' id='word_1_105' title='bbox 613 926 651 967; x_wconf 72' lang='lat'>2.</span> <span class='ocrx_word' id='word_1_106' title='bbox 666 939 831 966; x_wconf 90' lang='lat' dir='ltr'>memor</span> <span class='ocrx_word' id='word_1_107' title='bbox 851 925 965 965; x_wconf 87' lang='lat' dir='ltr'>enim</span> <span class='ocrx_word' id='word_1_108' title='bbox 986 924 1153 978; x_wconf 89' lang='lat' dir='ltr'>somnii,</span> <span class='ocrx_word' id='word_1_109' title='bbox 1174 937 1256 977; x_wconf 90' lang='lat' dir='ltr'>quo</span> <span class='ocrx_word' id='word_1_110' title='bbox 1271 923 1431 964; x_wconf 87' lang='lat' dir='ltr'>uetitus</span> 
     </span>
     <span class='ocr_line' id='line_1_16' title="bbox 13 981 1434 1046; baseline -0.001 -22"><span class='ocrx_word' id='word_1_111' title='bbox 13 994 64 1022; x_wconf 70' lang='grc'>415</span> <span class='ocrx_word' id='word_1_112' title='bbox 84 987 177 1025; x_wconf 89' lang='lat' dir='ltr'>erat</span> <span class='ocrx_word' id='word_1_113' title='bbox 214 999 291 1039; x_wconf 90' lang='lat' dir='ltr'>per</span> <span class='ocrx_word' id='word_1_114' title='bbox 324 984 528 1039; x_wconf 85' lang='lat' dir='ltr'>quietem,</span> <span class='ocrx_word' id='word_1_115' title='bbox 566 987 613 1025; x_wconf 91' lang='lat' dir='ltr'>ut</span> <span class='ocrx_word' id='word_1_116' title='bbox 650 985 740 1038; x_wconf 90' lang='lat' dir='ltr'>ipse</span> <span class='ocrx_word' id='word_1_117' title='bbox 772 983 978 1035; x_wconf 91' lang='lat' dir='ltr'>firmauit,</span> <span class='ocrx_word' id='word_1_118' title='bbox 1015 983 1188 1037; x_wconf 89' lang='lat' dir='ltr'>pulsare</span> <span class='ocrx_word' id='word_1_119' title='bbox 1222 981 1434 1046; x_wconf 80' lang='lat' dir='ltr'>quendam</span> 
     </span>
     <span class='ocr_line' id='line_1_17' title="bbox 82 1040 1433 1098; baseline -0.002 -15"><span class='ocrx_word' id='word_1_120' title='bbox 82 1042 309 1096; x_wconf 81' lang='lat' dir='ltr'>insontem,</span> <span class='ocrx_word' id='word_1_121' title='bbox 339 1058 473 1098; x_wconf 92' lang='lat' dir='ltr'>usque</span> <span class='ocrx_word' id='word_1_122' title='bbox 506 1043 557 1085; x_wconf 90' lang='lat' dir='ltr'>ad</span> <span class='ocrx_word' id='word_1_123' title='bbox 591 1043 775 1084; x_wconf 87' lang='lat' dir='ltr'>confinia</span> <span class='ocrx_word' id='word_1_124' title='bbox 806 1042 957 1083; x_wconf 89' lang='lat' dir='ltr'>mortis</span> <span class='ocrx_word' id='word_1_125' title='bbox 990 1044 1167 1083; x_wconf 81' lang='lat' dir='ltr'>uexatus</span> <span class='ocrx_word' id='word_1_126' title='bbox 1200 1055 1277 1081; x_wconf 84' lang='lat' dir='ltr'>nec</span> <span class='ocrx_word' id='word_1_127' title='bbox 1299 1040 1433 1082; x_wconf 90' lang='lat' dir='ltr'>nomi—</span> 
     </span>
     <span class='ocr_line' id='line_1_18' title="bbox 83 1097 1434 1156; baseline -0.001 -15"><span class='ocrx_word' id='word_1_128' title='bbox 83 1102 204 1142; x_wconf 85' lang='lat' dir='ltr'>nauit</span> <span class='ocrx_word' id='word_1_129' title='bbox 234 1116 311 1143; x_wconf 86' lang='lat' dir='ltr'>nec</span> <span class='ocrx_word' id='word_1_130' title='bbox 342 1102 533 1156; x_wconf 86' lang='lat' dir='ltr'>prodidit</span> <span class='ocrx_word' id='word_1_131' title='bbox 564 1102 751 1156; x_wconf 86' lang='lat' dir='ltr'>aliquem</span> <span class='ocrx_word' id='word_1_132' title='bbox 784 1101 858 1142; x_wconf 86' lang='lat' dir='ltr'>sed</span> <span class='ocrx_word' id='word_1_133' title='bbox 896 1100 1123 1142; x_wconf 77' lang='lat' dir='ltr'>adserebat</span> <span class='ocrx_word' id='word_1_134' title='bbox 1159 1101 1321 1141; x_wconf 72' lang='lat' dir='ltr'>iactum</span> <span class='ocrx_word' id='word_1_135' title='bbox 1353 1097 1434 1140; x_wconf 81' lang='lat' dir='ltr'>Sil-</span> 
     </span>
     <span class='ocr_line' id='line_1_19' title="bbox 83 1158 1433 1214; baseline -0.001 -14"><span class='ocrx_word' id='word_1_136' title='bbox 83 1160 185 1201; x_wconf 78' lang='lat' dir='ltr'>uani</span> <span class='ocrx_word' id='word_1_137' title='bbox 217 1164 479 1214; x_wconf 87' lang='lat' dir='ltr'>constanter,</span> <span class='ocrx_word' id='word_1_138' title='bbox 518 1161 561 1202; x_wconf 89' lang='lat' dir='ltr'>id</span> <span class='ocrx_word' id='word_1_139' title='bbox 594 1175 691 1202; x_wconf 91' lang='lat' dir='ltr'>eum</span> <span class='ocrx_word' id='word_1_140' title='bbox 724 1160 935 1214; x_wconf 83' lang='lat' dir='ltr'>cogitasse</span> <span class='ocrx_word' id='word_1_141' title='bbox 970 1159 1082 1213; x_wconf 90' lang='lat' dir='ltr'>quod</span> <span class='ocrx_word' id='word_1_142' title='bbox 1121 1158 1218 1199; x_wconf 87' lang='lat' dir='ltr'>iniit</span> <span class='ocrx_word' id='word_1_143' title='bbox 1247 1173 1336 1199; x_wconf 89' lang='lat' dir='ltr'>non</span> <span class='ocrx_word' id='word_1_144' title='bbox 1368 1171 1433 1198; x_wconf 92' lang='lat' dir='ltr'>cu-</span> 
     </span>
     <span class='ocr_line' id='line_1_20' title="bbox 85 1216 1433 1272; baseline -0.001 -13"><span class='ocrx_word' id='word_1_145' title='bbox 85 1218 265 1272; x_wconf 86' lang='lat' dir='ltr'>piditate</span> <span class='ocrx_word' id='word_1_146' title='bbox 286 1220 361 1261; x_wconf 89' lang='lat' dir='ltr'>sed</span> <span class='ocrx_word' id='word_1_147' title='bbox 386 1219 641 1261; x_wconf 85' lang='lat' dir='ltr'>necessitate</span> <span class='ocrx_word' id='word_1_148' title='bbox 674 1218 937 1272; x_wconf 89' lang='lat' dir='ltr'>conpulsum,</span> <span class='ocrx_word' id='word_1_149' title='bbox 970 1219 1224 1272; x_wconf 88' lang='lat' dir='ltr'>argumento</span> <span class='ocrx_word' id='word_1_150' title='bbox 1247 1216 1433 1258; x_wconf 90' lang='lat' dir='ltr'>euidenti</span> 
     </span>
     <span class='ocr_line' id='line_1_21' title="bbox 31 1275 1435 1330; baseline -0.002 -11"><span class='ocrx_word' id='word_1_151' title='bbox 31 1288 66 1314; x_wconf 85' lang='lat'>20</span> <span class='ocrx_word' id='word_1_152' title='bbox 86 1277 396 1319; x_wconf 86' lang='lat' dir='ltr'>demonstrans.</span> <span class='ocrx_word' id='word_1_153' title='bbox 447 1279 485 1319; x_wconf 87' lang='lat'>3.</span> <span class='ocrx_word' id='word_1_154' title='bbox 519 1293 690 1319; x_wconf 85' lang='lat' dir='ltr'>causam</span> <span class='ocrx_word' id='word_1_155' title='bbox 723 1278 836 1318; x_wconf 90' lang='lat' dir='ltr'>enim</span> <span class='ocrx_word' id='word_1_156' title='bbox 867 1277 1138 1330; x_wconf 85' lang='lat' dir='ltr'>probabilem</span> <span class='ocrx_word' id='word_1_157' title='bbox 1170 1276 1359 1330; x_wconf 89' lang='lat' dir='ltr'>ponebat</span> <span class='ocrx_word' id='word_1_158' title='bbox 1390 1275 1435 1316; x_wconf 86' lang='lat' dir='ltr'>in</span> 
     </span>
     <span class='ocr_line' id='line_1_22' title="bbox 85 1334 1433 1390; baseline -0.001 -14"><span class='ocrx_word' id='word_1_159' title='bbox 85 1336 225 1378; x_wconf 87' lang='lat' dir='ltr'>medio</span> <span class='ocrx_word' id='word_1_160' title='bbox 258 1337 492 1378; x_wconf 87' lang='lat' dir='ltr'>multorum</span> <span class='ocrx_word' id='word_1_161' title='bbox 523 1336 783 1378; x_wconf 90' lang='lat' dir='ltr'>testimoniis</span> <span class='ocrx_word' id='word_1_162' title='bbox 816 1336 994 1388; x_wconf 84' lang='lat' dir='ltr'>claram,</span> <span class='ocrx_word' id='word_1_163' title='bbox 1033 1335 1146 1390; x_wconf 89' lang='lat' dir='ltr'>quod</span> <span class='ocrx_word' id='word_1_164' title='bbox 1184 1335 1251 1375; x_wconf 81' lang='lat' dir='ltr'>die</span> <span class='ocrx_word' id='word_1_165' title='bbox 1284 1334 1433 1389; x_wconf 89' lang='lat' dir='ltr'>quinto</span> 
     </span>
     <span class='ocr_line' id='line_1_23' title="bbox 86 1393 1435 1449; baseline -0.001 -14"><span class='ocrx_word' id='word_1_166' title='bbox 86 1398 317 1449; x_wconf 86' lang='lat' dir='ltr'>antequam</span> <span class='ocrx_word' id='word_1_167' title='bbox 348 1395 506 1437; x_wconf 87' lang='lat' dir='ltr'>infulas</span> <span class='ocrx_word' id='word_1_168' title='bbox 540 1395 774 1449; x_wconf 87' lang='lat' dir='ltr'>susciperet</span> <span class='ocrx_word' id='word_1_169' title='bbox 805 1394 1092 1448; x_wconf 83' lang='lat' dir='ltr'>principatus,</span> <span class='ocrx_word' id='word_1_170' title='bbox 1125 1393 1331 1434; x_wconf 88' lang='lat' dir='ltr'>donatum</span> <span class='ocrx_word' id='word_1_171' title='bbox 1362 1393 1435 1434; x_wconf 88' lang='lat' dir='ltr'>sti-</span> 
     </span>
     <span class='ocr_line' id='line_1_24' title="bbox 84 1451 1434 1507; baseline -0.001 -13"><span class='ocrx_word' id='word_1_172' title='bbox 84 1453 240 1507; x_wconf 90' lang='lat' dir='ltr'>pendio</span> <span class='ocrx_word' id='word_1_173' title='bbox 272 1455 457 1496; x_wconf 90' lang='lat' dir='ltr'>militem</span> <span class='ocrx_word' id='word_1_174' title='bbox 489 1452 716 1496; x_wconf 81' lang='lat' dir='ltr'>Constanti</span> <span class='ocrx_word' id='word_1_175' title='bbox 747 1453 919 1495; x_wconf 89' lang='lat' dir='ltr'>nomine</span> <span class='ocrx_word' id='word_1_176' title='bbox 952 1453 1174 1494; x_wconf 90' lang='lat' dir='ltr'>adlocutus</span> <span class='ocrx_word' id='word_1_177' title='bbox 1202 1455 1278 1505; x_wconf 92' lang='lat' dir='ltr'>est,</span> <span class='ocrx_word' id='word_1_178' title='bbox 1309 1451 1434 1493; x_wconf 86' lang='lat' dir='ltr'>fortis</span> 
     </span>
     <span class='ocr_line' id='line_1_25' title="bbox 85 1511 1435 1579; baseline -0.003 -25"><span class='ocrx_word' id='word_1_179' title='bbox 85 1516 200 1554; x_wconf 89' lang='lat' dir='ltr'>esset</span> <span class='ocrx_word' id='word_1_180' title='bbox 238 1516 279 1554; x_wconf 89' lang='lat' dir='ltr'>et</span> <span class='ocrx_word' id='word_1_181' title='bbox 320 1513 440 1555; x_wconf 89' lang='lat' dir='ltr'>fidus.</span> <span class='ocrx_word' id='word_1_182' title='bbox 502 1513 611 1554; x_wconf 90' lang='lat' dir='ltr'>unde</span> <span class='ocrx_word' id='word_1_183' title='bbox 644 1513 882 1579; x_wconf 76' lang='lat' dir='ltr'>apparebat</span> <span class='ocrx_word' id='word_1_184' title='bbox 920 1511 1050 1565; x_wconf 90' lang='lat' dir='ltr'>quod,</span> <span class='ocrx_word' id='word_1_185' title='bbox 1089 1511 1125 1552; x_wconf 92' lang='lat' dir='ltr'>si</span> <span class='ocrx_word' id='word_1_186' title='bbox 1162 1524 1435 1565; x_wconf 79' lang='lat' dir='ltr'>praesumeie</span> 
     </span>
     <span class='ocr_line' id='line_1_26' title="bbox 14 1570 1435 1626; baseline -0.002 -13.957"><span class='ocrx_word' id='word_1_187' title='bbox 14 1580 69 1609; x_wconf 86' lang='lat'>25</span> <span class='ocrx_word' id='word_1_188' title='bbox 86 1570 284 1613; x_wconf 71' lang='lat' dir='ltr'>fortimae</span> <span class='ocrx_word' id='word_1_189' title='bbox 316 1572 548 1626; x_wconf 88' lang='lat' dir='ltr'>superioris</span> <span class='ocrx_word' id='word_1_190' title='bbox 581 1572 770 1626; x_wconf 87' lang='lat' dir='ltr'>insignia</span> <span class='ocrx_word' id='word_1_191' title='bbox 801 1572 1039 1623; x_wconf 87' lang='lat' dir='ltr'>conaretur,</span> <span class='ocrx_word' id='word_1_192' title='bbox 1071 1570 1164 1611; x_wconf 88' lang='lat' dir='ltr'>auri</span> <span class='ocrx_word' id='word_1_193' title='bbox 1194 1572 1284 1610; x_wconf 88' lang='lat' dir='ltr'>tam</span> <span class='ocrx_word' id='word_1_194' title='bbox 1304 1582 1435 1623; x_wconf 88' lang='lat' dir='ltr'>graue</span> 
     </span>
     <span class='ocr_line' id='line_1_27' title="bbox 86 1629 1436 1685; baseline -0.003 -13"><span class='ocrx_word' id='word_1_195' title='bbox 86 1630 252 1683; x_wconf 86' lang='lat' dir='ltr'>pondus</span> <span class='ocrx_word' id='word_1_196' title='bbox 284 1631 517 1685; x_wconf 78' lang='lat' dir='ltr'>largiretur</span> <span class='ocrx_word' id='word_1_197' title='bbox 548 1634 595 1672; x_wconf 92' lang='lat' dir='ltr'>ut</span> <span class='ocrx_word' id='word_1_198' title='bbox 626 1645 760 1672; x_wconf 91' lang='lat' dir='ltr'>suum.</span> <span class='ocrx_word' id='word_1_199' title='bbox 792 1630 830 1671; x_wconf 86' lang='lat'>4.</span> <span class='ocrx_word' id='word_1_200' title='bbox 863 1631 961 1683; x_wconf 90' lang='lat' dir='ltr'>post</span> <span class='ocrx_word' id='word_1_201' title='bbox 991 1629 1104 1669; x_wconf 89' lang='lat' dir='ltr'>hunc</span> <span class='ocrx_word' id='word_1_202' title='bbox 1136 1629 1436 1669; x_wconf 88' lang='lat' dir='ltr'>damnatorum</span> 
     </span>
    </p>
   </div>
   <div class='ocr_carea' id='block_1_3' title="bbox 0 0 4 583">
    <p class='ocr_par' dir='ltr' id='par_1_3' title="bbox 0 0 4 583">
     <span class='ocr_line' id='line_1_28' title="bbox 0 0 4 583; baseline 0 0"><span class='ocrx_word' id='word_1_203' title='bbox 0 0 4 583; x_wconf 95' lang='lat' dir='ltr'> </span> 
     </span>
    </p>
   </div>
   <div class='ocr_carea' id='block_1_4' title="bbox 0 944 4 1550">
    <p class='ocr_par' dir='ltr' id='par_1_4' title="bbox 0 944 4 1550">
     <span class='ocr_line' id='line_1_29' title="bbox 0 944 4 1550; baseline 0 0"><span class='ocrx_word' id='word_1_204' title='bbox 0 944 4 1550; x_wconf 95' lang='lat' dir='ltr'> </span> 
     </span>
    </p>
   </div>
   <div class='ocr_carea' id='block_1_5' title="bbox 39 1686 1493 2039">
    <p class='ocr_par' dir='ltr' id='par_1_5' title="bbox 39 1686 1493 2039">
     <span class='ocr_line' id='line_1_30' title="bbox 87 1686 1438 1744; baseline -0.001 -15"><span class='ocrx_word' id='word_1_205' title='bbox 87 1692 202 1730; x_wconf 85' lang='lat' dir='ltr'>sorte</span> <span class='ocrx_word' id='word_1_206' title='bbox 241 1689 496 1731; x_wconf 89' lang='lat' dir='ltr'>Poemenius</span> <span class='ocrx_word' id='word_1_207' title='bbox 535 1692 683 1744; x_wconf 89' lang='lat' dir='ltr'>raptus</span> <span class='ocrx_word' id='word_1_208' title='bbox 728 1689 781 1730; x_wconf 89' lang='lat' dir='ltr'>ad</span> <span class='ocrx_word' id='word_1_209' title='bbox 824 1688 1082 1742; x_wconf 88' lang='lat' dir='ltr'>supplicium</span> <span class='ocrx_word' id='word_1_210' title='bbox 1126 1687 1310 1740; x_wconf 85' lang='lat' dir='ltr'>interiit,</span> <span class='ocrx_word' id='word_1_211' title='bbox 1353 1686 1438 1740; x_wconf 89' lang='lat' dir='ltr'>qui,</span> 
     </span>
     <span class='ocr_line' id='line_1_31' title="bbox 86 1743 1438 1802; baseline -0.003 -13"><span class='ocrx_word' id='word_1_212' title='bbox 86 1750 135 1789; x_wconf 89' lang='lat' dir='ltr'>ut</span> <span class='ocrx_word' id='word_1_213' title='bbox 179 1763 308 1802; x_wconf 88' lang='lat' dir='ltr'>supra</span> <span class='ocrx_word' id='word_1_214' title='bbox 346 1748 609 1801; x_wconf 88' lang='lat' dir='ltr'>rettulimus,</span> <span class='ocrx_word' id='word_1_215' title='bbox 653 1762 749 1789; x_wconf 87' lang='lat' dir='ltr'>cum</span> <span class='ocrx_word' id='word_1_216' title='bbox 787 1746 965 1788; x_wconf 90' lang='lat' dir='ltr'>Treueri</span> <span class='ocrx_word' id='word_1_217' title='bbox 1005 1746 1225 1788; x_wconf 87' lang='lat' dir='ltr'>ciuitatem</span> <span class='ocrx_word' id='word_1_218' title='bbox 1264 1743 1438 1786; x_wconf 83' lang='lat' dir='ltr'>Caesari</span> 
     </span>
     <span class='ocr_line' id='line_1_32' title="bbox 88 1804 1436 1861; baseline -0.004 -13"><span class='ocrx_word' id='word_1_219' title='bbox 88 1806 343 1848; x_wconf 87' lang='lat' dir='ltr'>clausissent</span> <span class='ocrx_word' id='word_1_220' title='bbox 379 1807 604 1861; x_wconf 88' lang='lat' dir='ltr'>Decentio,</span> <span class='ocrx_word' id='word_1_221' title='bbox 643 1807 696 1848; x_wconf 88' lang='lat' dir='ltr'>ad</span> <span class='ocrx_word' id='word_1_222' title='bbox 728 1806 1035 1848; x_wconf 85' lang='lat' dir='ltr'>defendendam</span> <span class='ocrx_word' id='word_1_223' title='bbox 1072 1805 1245 1859; x_wconf 89' lang='lat' dir='ltr'>plebem</span> <span class='ocrx_word' id='word_1_224' title='bbox 1277 1804 1436 1845; x_wconf 87' lang='lat' dir='ltr'>electus</span> 
     </span>
     <span class='ocr_line' id='line_1_33' title="bbox 39 1861 1437 1920; baseline -0.003 -14"><span class='ocrx_word' id='word_1_225' title='bbox 39 1874 72 1902; x_wconf 80' lang='grc'>30</span> <span class='ocrx_word' id='word_1_226' title='bbox 90 1868 166 1906; x_wconf 87' lang='lat' dir='ltr'>est.</span> <span class='ocrx_word' id='word_1_227' title='bbox 226 1868 319 1907; x_wconf 93' lang='lat' dir='ltr'>tum</span> <span class='ocrx_word' id='word_1_228' title='bbox 351 1866 680 1920; x_wconf 87' lang='lat' dir='ltr'>Asclepiodotus</span> <span class='ocrx_word' id='word_1_229' title='bbox 721 1868 764 1907; x_wconf 88' lang='lat' dir='ltr'>et</span> <span class='ocrx_word' id='word_1_230' title='bbox 800 1864 930 1906; x_wconf 88' lang='lat' dir='ltr'>Lutto</span> <span class='ocrx_word' id='word_1_231' title='bbox 971 1866 1013 1905; x_wconf 89' lang='lat' dir='ltr'>et</span> <span class='ocrx_word' id='word_1_232' title='bbox 1043 1863 1214 1905; x_wconf 90' lang='lat' dir='ltr'>Maudio</span> <span class='ocrx_word' id='word_1_233' title='bbox 1249 1861 1437 1903; x_wconf 83' lang='lat' dir='ltr'>Comites</span> 
     </span>
     <span class='ocr_line' id='line_1_34' title="bbox 89 1921 1493 1979; baseline -0.004 -14"><span class='ocrx_word' id='word_1_234' title='bbox 89 1925 339 1978; x_wconf 86' lang='lat' dir='ltr'>interempti</span> <span class='ocrx_word' id='word_1_235' title='bbox 378 1927 476 1966; x_wconf 89' lang='lat' dir='ltr'>sunt</span> <span class='ocrx_word' id='word_1_236' title='bbox 513 1925 672 1979; x_wconf 90' lang='lat' dir='ltr'>aliique</span> <span class='ocrx_word' id='word_1_237' title='bbox 710 1924 873 1978; x_wconf 86' lang='lat' dir='ltr'>plures,</span> <span class='ocrx_word' id='word_1_238' title='bbox 916 1923 1021 1963; x_wconf 85' lang='lat' dir='ltr'>haec</span> <span class='ocrx_word' id='word_1_239' title='bbox 1060 1925 1102 1962; x_wconf 90' lang='lat' dir='ltr'>et</span> <span class='ocrx_word' id='word_1_240' title='bbox 1145 1921 1305 1963; x_wconf 90' lang='lat' dir='ltr'>similia</span> <span class='ocrx_word' id='word_1_241' title='bbox 1347 1934 1440 1974; x_wconf 87' lang='lat' dir='ltr'>per-</span> <span class='ocrx_word' id='word_1_242' title='bbox 1487 1929 1493 1935; x_wconf 84' lang='grc'>“·</span> 
     </span>
     <span class='ocr_line' id='line_1_35' title="bbox 89 1983 1041 2039; baseline -0.002 -15"><span class='ocrx_word' id='word_1_243' title='bbox 89 1983 213 2037; x_wconf 81' lang='lat' dir='ltr'>plexe</span> <span class='ocrx_word' id='word_1_244' title='bbox 245 1984 453 2039; x_wconf 88' lang='lat' dir='ltr'>temporis</span> <span class='ocrx_word' id='word_1_245' title='bbox 487 1983 778 2025; x_wconf 88' lang='lat' dir='ltr'>obstinatione</span> <span class='ocrx_word' id='word_1_246' title='bbox 811 1984 1041 2023; x_wconf 86' lang='lat' dir='ltr'>scrutante.</span> 
     </span>
    </p>
   </div>
   <div class='ocr_carea' id='block_1_6' title="bbox 93 2101 317 2106">
    <p class='ocr_par' dir='ltr' id='par_1_6' title="bbox 93 2101 317 2106">
     <span class='ocr_line' id='line_1_36' title="bbox 93 2101 317 2106; baseline 0 0"><span class='ocrx_word' id='word_1_247' title='bbox 93 2101 317 2106; x_wconf 95' lang='lat' dir='ltr'> </span> 
     </span>
    </p>
   </div>
   <div class='ocr_carea' id='block_1_7' title="bbox 28 2163 1441 2382">
    <p class='ocr_par' dir='ltr' id='par_1_7' title="bbox 183 2163 1441 2215">
     <span class='ocr_line' id='line_1_37' title="bbox 183 2163 1441 2215; baseline -0.004 -13"><span class='ocrx_word' id='word_1_248' title='bbox 183 2172 205 2202; x_wconf 79' lang='lat'>4</span> <span class='ocrx_word' id='word_1_249' title='bbox 228 2179 296 2213; x_wconf 88' lang='lat' dir='ltr'>per</span> <span class='ocrx_word' id='word_1_250' title='bbox 319 2169 450 2211; x_wconf 65' lang='grc' dir='ltr'>εωίρεί</span> <span class='ocrx_word' id='word_1_251' title='bbox 473 2169 557 2212; x_wconf 85' lang='lat' dir='ltr'>post</span> <span class='ocrx_word' id='word_1_252' title='bbox 581 2168 683 2203; x_wconf 79' lang='lat' dir='ltr'>codd</span> <span class='ocrx_word' id='word_1_253' title='bbox 781 2167 906 2211; x_wconf 88' lang='lat' dir='ltr'>plures</span> <span class='ocrx_word' id='word_1_254' title='bbox 923 2176 989 2203; x_wconf 85' lang='lat' dir='ltr'>om</span> <span class='ocrx_word' id='word_1_255' title='bbox 1007 2167 1065 2200; x_wconf 85' lang='lat' dir='ltr'>Pb</span> <span class='ocrx_word' id='word_1_256' title='bbox 1125 2165 1388 2215; x_wconf 87' lang='lat' dir='ltr'>plectebantur</span> <span class='ocrx_word' id='word_1_257' title='bbox 1408 2163 1441 2197; x_wconf 81' lang='lat' dir='ltr'><em>G</em></span> 
     </span>
    </p>

    <p class='ocr_par' dir='ltr' id='par_1_8' title="bbox 92 2209 1440 2258">
     <span class='ocr_line' id='line_1_38' title="bbox 92 2209 1440 2258; baseline -0.004 -10"><span class='ocrx_word' id='word_1_258' title='bbox 92 2213 346 2258; x_wconf 85' lang='lat' dir='ltr'>phetebautur</span> <span class='ocrx_word' id='word_1_259' title='bbox 375 2213 407 2247; x_wconf 90' lang='lat' dir='ltr'><strong><em>V</em></strong></span> <span class='ocrx_word' id='word_1_260' title='bbox 432 2212 660 2257; x_wconf 87' lang='lat' dir='ltr'>petebantur</span> <span class='ocrx_word' id='word_1_261' title='bbox 683 2213 756 2247; x_wconf 83' lang='lat' dir='ltr'>AP</span> <span class='ocrx_word' id='word_1_262' title='bbox 848 2213 914 2245; x_wconf 84' lang='lat'>*13</span> <span class='ocrx_word' id='word_1_263' title='bbox 940 2211 1122 2255; x_wconf 88' lang='lat' dir='ltr'>promisce</span> <span class='ocrx_word' id='word_1_264' title='bbox 1152 2209 1221 2244; x_wconf 87' lang='lat' dir='ltr'>VP</span> <span class='ocrx_word' id='word_1_265' title='bbox 1244 2209 1440 2254; x_wconf 82' lang='lat' dir='ltr'>perspicue</span> 
     </span>
    </p>

    <p class='ocr_par' dir='ltr' id='par_1_9' title="bbox 28 2225 1441 2303">
     <span class='ocr_line' id='line_1_39' title="bbox 28 2225 1441 2303; baseline -0.006 -8"><span class='ocrx_word' id='word_1_266' title='bbox 28 2293 31 2295; x_wconf 86' lang='lat'>.</span> <span class='ocrx_word' id='word_1_267' title='bbox 91 2258 206 2303; x_wconf 65' lang='lat' dir='ltr'>uulqo</span> <span class='ocrx_word' id='word_1_268' title='bbox 300 2258 372 2293; x_wconf 74' lang='lat'>*15</span> <span class='ocrx_word' id='word_1_269' title='bbox 396 2225 584 2302; x_wconf 86' lang='lat' dir='ltr'>quendam</span> <span class='ocrx_word' id='word_1_270' title='bbox 613 2256 703 2292; x_wconf 81' lang='lat' dir='ltr'>VPb</span> <span class='ocrx_word' id='word_1_271' title='bbox 725 2267 940 2301; x_wconf 85' lang='lat' dir='ltr'>quenquam</span> <span class='ocrx_word' id='word_1_272' title='bbox 967 2256 1037 2291; x_wconf 80' lang='lat' dir='ltr'>GA</span> <span class='ocrx_word' id='word_1_273' title='bbox 1100 2256 1171 2289; x_wconf 71' lang='lat'>*22</span> <span class='ocrx_word' id='word_1_274' title='bbox 1196 2254 1441 2298; x_wconf 86' lang='lat' dir='ltr'>susciperetet</span> 
     </span>
    </p>

    <p class='ocr_par' dir='ltr' id='par_1_10' title="bbox 97 2298 1440 2382">
     <span class='ocr_line' id='line_1_40' title="bbox 97 2298 1440 2382; baseline -0.004 -45"><span class='ocrx_word' id='word_1_275' title='bbox 97 2302 211 2382; x_wconf 50' lang='grc' dir='ltr'>ξέϋῖι</span> <span class='ocrx_word' id='word_1_276' title='bbox 265 2303 525 2382; x_wconf 57' lang='lat' dir='ltr'>26PIIargiretur</span> <span class='ocrx_word' id='word_1_277' title='bbox 545 2302 713 2338; x_wconf 73' lang='lat' dir='ltr'>Valesius</span> <span class='ocrx_word' id='word_1_278' title='bbox 729 2302 873 2347; x_wconf 84' lang='lat' dir='ltr'>giretur</span> <span class='ocrx_word' id='word_1_279' title='bbox 894 2301 961 2336; x_wconf 90' lang='lat' dir='ltr'>VP</span> <span class='ocrx_word' id='word_1_280' title='bbox 978 2301 1148 2345; x_wconf 85' lang='lat' dir='ltr'>repetere</span> <span class='ocrx_word' id='word_1_281' title='bbox 1167 2300 1235 2343; x_wconf 77' lang='lat' dir='ltr'>b9a</span> <span class='ocrx_word' id='word_1_282' title='bbox 1288 2303 1330 2333; x_wconf 89' lang='lat'>30</span> <span class='ocrx_word' id='word_1_283' title='bbox 1343 2298 1440 2331; x_wconf 81' lang='lat' dir='ltr'>lutto</span> 
     </span>
     <span class='ocr_line' id='line_1_41' title="bbox 205 2349 374 2382; baseline 0 0"><span class='ocrx_word' id='word_1_284' title='bbox 205 2349 270 2382; x_wconf 81' lang='lat' dir='ltr'>uto</span> <span class='ocrx_word' id='word_1_285' title='bbox 353 2359 374 2382; x_wconf 80' lang='lat' dir='ltr'>a</span> 
     </span>
    </p>
   </div>
   <div class='ocr_carea' id='block_1_8' title="bbox 1610 189 1614 729">
    <p class='ocr_par' dir='ltr' id='par_1_11' title="bbox 1610 189 1614 729">
     <span class='ocr_line' id='line_1_42' title="bbox 1610 189 1614 729; baseline 0 0"><span class='ocrx_word' id='word_1_286' title='bbox 1610 189 1614 729; x_wconf 95' lang='lat' dir='ltr'> </span> 
     </span>
    </p>
   </div>
  </div>
 </body>
</html>
