1573 2508
934 0 938 4 ·
952 0 1252 34 ''fv-⁷1:³57&
1264 0 1380 42 νῆ
1436 25 1452 50 2

90 78 173 122 164
602 74 725 110 xvm
749 78 781 118 ⁷,
807 78 929 117 11—8,
954 79 975 110 9

92 173 234 215 dicere
268 171 369 226 quid
407 170 568 212 sentiat
605 170 745 211 iussus
778 169 961 222 orditur,
998 168 1112 210 flecti
1145 172 1228 213 iter
1258 170 1440 213 suadens

91 232 137 274 in
168 232 388 273 dexterum
427 229 552 281 latus,
582 231 631 269 ut
666 242 742 282 per
774 227 1013 282 longiorem
1045 229 1317 272 circumitum
1354 243 1443 271 om-

90 291 211 332 nium
242 304 383 330 rerum
415 303 493 329 usu
525 287 750 341 regionum
787 285 993 327 feracium
1026 288 1069 328 et
1100 288 1441 331 consideratione

96 364 145 390 ea
167 364 248 403 qua
270 350 410 388 rectus
443 348 642 401 pergeret
673 345 810 387 hostis
838 344 975 386 adhuc
1005 345 1278 401 intactarum,
1303 349 1444 389 eastra

91 408 172 449 duo
211 405 495 460 piaesidiaria
526 405 706 446 Barzalo
746 407 789 446 et
821 402 1023 445 Claudias
1061 408 1309 458 peterentur
1347 416 1478 447 seses

93 466 305 519 ductante,
337 464 411 506 ubi
443 464 583 505 tenuis
610 463 765 505 fluuius
785 477 918 517 prope
940 462 1151 516 originem
1172 467 1216 506 et
1235 467 1442 519 angustus

92 524 307 578 nullisque
341 523 477 565 adhue
505 523 627 577 aquis
661 522 838 563 aduenis
871 520 1121 564 adulescens
1161 523 1287 565 facile
1318 536 1443 577 pene·

93 583 200 624 trari
239 582 400 636 poterit
440 584 488 623 nt
531 581 724 623 uadosus.
789 582 854 622 11.
886 579 953 620 his
996 580 1152 624 auditis
1185 582 1443 636 laudatoque

95 656 269 683 suasore
303 644 346 681 et
376 641 492 682 iusso
525 640 676 681 ducere
710 654 793 694 qua
824 640 962 692 norat,
999 641 1174 693 agmina
1206 643 1357 683 cuncta
1389 639 1442 681 ab

96 700 297 741 instituto
331 700 481 740 itinere
515 713 719 740 conuersa
751 697 973 751 praeuium
1005 700 1302 753 sequebantur.
1465 706 1498 731 ¹⁰

216 757 259 800 8.
296 759 331 799 1.
366 758 458 807 Quo
479 758 606 799 certis
628 756 993 811 speculationibus
1015 759 1188 813 cognito
1209 773 1287 800 nos
1307 758 1445 812 dispo-

97 817 260 858 suimus
300 831 530 871 properare
565 815 836 857 Samosatam
873 816 921 855 ut
959 820 1157 870 superato
1191 817 1340 858 exinde
1372 816 1446 857 flu-

97 876 210 917 mine
243 875 522 929 pontiumque
550 875 657 928 apud
680 874 870 929 Zeugma
902 876 943 913 et
963 872 1208 929 Capersana
1237 874 1446 917 iuncturis

98 934 278 976 abscisis
310 934 491 975 hostiles
524 934 722 987 impetus,
749 934 786 974 si
818 933 997 973 iuuisset
1029 935 1116 976 fors
1137 935 1239 988 ulla,
1270 933 1447 988 repelle-

97 1008 250 1034 remus.
313 993 352 1034 2.
385 993 458 1034 sed
491 992 674 1045 contigit
707 995 830 1034 atrox
863 994 905 1031 et
938 991 1111 1035 silentio
1132 994 1249 1035 omni
1269 993 1446 1034 dedecus
1468 999 1501 1025 ¹⁵

99 1052 375 1093 obruendum.
422 1066 605 1105 namque
627 1051 804 1093 duarum
837 1053 1073 1093 turmarum
1094 1053 1258 1106 equites
1279 1052 1449 1093 circiter

101 1110 366 1176 septingenti
399 1110 450 1151 ad
483 1110 720 1151 subsidium
739 1109 1077 1162 Mesopotamiae
1109 1126 1256 1152 reeens
1277 1125 1327 1152 ex
1347 1110 1450 1164 Illy-

98 1169 187 1210 rico
225 1169 347 1210 missi
380 1183 556 1210 enerues
597 1171 639 1209 et
677 1169 818 1209 timidi
855 1170 1119 1221 praesidium
1156 1184 1232 1224 per
1263 1183 1334 1210 eos
1366 1171 1451 1210 tia-

99 1228 248 1269 duetus
269 1230 447 1281 agentes
468 1230 783 1282 nocturnasque
803 1231 1010 1281 pauentes
1043 1229 1220 1270 insidias
1241 1228 1294 1270 ab
1322 1240 1450 1282 agge-

99 1287 219 1328 ribus
259 1286 445 1340 publicis
478 1287 659 1340 uesperi,
691 1286 860 1340 quando
894 1288 1096 1329 custodiri
1129 1288 1269 1342 magis
1303 1300 1449 1328 omnes
1469 1293 1504 1319 2⁰

100 1344 297 1386 tramites
343 1346 607 1399 conueniret,
650 1345 823 1399 longius
867 1343 1154 1388 discedebant.
1215 1346 1254 1387 3.
1286 1345 1450 1400 hocque

101 1403 329 1445 obseruate
363 1419 435 1445 eos
474 1404 573 1445 uino
607 1418 836 1458 oppressos
875 1407 917 1445 et
948 1420 1098 1446 somno
1136 1405 1293 1459 uiginti
1330 1403 1452 1446 milia

101 1462 191 1503 fere
235 1461 465 1504 Persarum
507 1462 770 1517 Tamsapore
816 1465 859 1503 et
900 1463 1131 1505 Nohodare
1176 1463 1450 1505 ductantibus

101 1521 221 1562 nullo
271 1522 560 1575 prospiciente
610 1524 880 1575 transgressa
928 1525 1029 1576 post
1077 1522 1264 1564 tumulos
1315 1521 1451 1563 celsos

101 1579 266 1621 uicinos
298 1579 480 1621 Amidae
514 1580 836 1622 occultabantur
868 1584 1044 1622 armata.
1471 1591 1505 1618 25

221 1639 260 1678 4.
293 1637 491 1693 Moxque,
524 1642 571 1680 ut
591 1639 750 1680 dietum
771 1641 848 1693 est,
881 1654 975 1681 011111
1003 1640 1160 1681 abituri
1183 1639 1453 1681 Samosatam

103 1697 196 1739 luce
236 1697 366 1738 etiam
410 1701 501 1738 tum
539 1698 667 1738 dubia
704 1711 997 1751 pergeremus,
1043 1699 1095 1740 ab
1142 1699 1231 1740 alta
1270 1697 1452 1752 quadam

105 1755 279 1809 specula
310 1756 569 1797 radiantium
603 1771 818 1798 armornm
846 1757 1070 1812 splendore
1103 1756 1349 1811 praestricti
1380 1755 1453 1797 ho-

104 1814 267 1869 stisque
300 1815 448 1855 adesse
482 1816 706 1857 excitatius
741 1815 1021 1869 clamitantes,
1054 1817 1178 1869 signo
1210 1815 1309 1856 dato
1343 1813 1454 1869 qu'od

106 1873 158 1913 ad
190 1873 402 1927 proelium
435 1874 547 1915 solet
578 1874 760 1927 hortari,
799 1875 1037 1916 restitimus
1077 1874 1345 1929 conglobati,
1376 1887 1454 1914 nec
1473 1886 1508 1911 so

105 1932 253 1986 fugam
287 1947 508 1985 capessere
530 1947 623 1974 011111
647 1935 791 1974 essent
824 1934 908 1974 iam
940 1934 984 1975 in
1005 1934 1198 1975 contuitu
1225 1933 1296 1987 qui
1323 1934 1455 1974 secta-

107 1993 272 2042 rentur,
310 2005 388 2031 nec
427 1992 630 2045 congredi
669 2006 764 2033 cum
801 1992 926 2033 hoste
967 1993 1158 2046 equitatu
1197 1994 1239 2033 et
1276 2005 1453 2033 numero

109 2085 290 2092 0———0--nnv

202 2142 214 2171 1
245 2138 387 2172 or·dit01
421 2140 482 2173 ΙΙ)
576 2144 594 2162 ’
621 2140 815 2174 dexterum
840 2141 942 2184 PbJa
969 2116 1131 2175 textrum
1164 2140 1195 2174 V
1268 2140 1375 2174 omne
1389 2139 1456 2174 VP

110 2186 131 2215 3
156 2182 309 2227 regione
336 2184 457 2217 unser
459 2195 567 2218 10111111
600 2184 632 2216 l
720 2189 739 2218 5
764 2185 918 2219 Barzalo
949 2187 988 2220 et
1018 2185 1190 2220 Claudias
1219 2184 1457 2220 Kellerbauer

110 2227 205 2269 (coll.
243 2228 355 2270 Ptol.)
394 2228 564 2263 b·u·zaloc
602 2230 638 2263 te
674 2229 818 2264 laudias
859 2230 926 2264 Vl)
961 2229 1116 2264 Barzala
1151 2231 1190 2264 et
1224 2228 1383 2264 Laudine
1421 2228 1455 2263 G

111 2275 153 2306 12
178 2273 365 2307 samosata
396 2272 429 2306 V
504 2278 545 2307 13
570 2273 734 2317 Zeugma
756 2275 791 2308 A
817 2285 947 2310 zeuma
976 2274 1087 2319 VPng
1169 2278 1213 2309 24
1237 2273 1397 2309 tumolos
1426 2272 1460 2306 V

113 2352 156 2384 27
182 2350 228 2384 ab
254 2350 331 2384 alta
359 2353 391 2385 G
417 2350 545 2385 ablata
578 2351 662 2385 1'1112
754 2357 797 2387 30
822 2364 889 2387 nec
915 2353 980 2396 hya
1006 2363 1051 2387 ne
1077 2352 1112 2387 P
1135 2320 1246 2388 neiV
