1614 2549
571 135 805 172 IVLIANVS
829 140 895 172 363
1325 140 1406 181 311

63 228 252 269 uisorum
295 229 549 283 interpretes
594 232 839 285 praesentia
887 231 1246 286 contemplantes,
1296 233 1410 275 diem

62 289 316 341 secuturum,
348 288 421 342 qui
453 292 545 330 erat
577 292 776 344 quartum
808 290 1016 331 decimum
1046 290 1252 333 kalendas
1284 291 1410 346 Apri—

61 345 137 399 les,
180 345 402 388 obseruari
439 348 592 389 debere
636 349 986 402 pronuntiabant.
1047 364 1197 390 uerum
1234 352 1281 391 ut
1313 365 1410 392 con-

59 405 230 457 pertum
263 408 328 447 est
358 408 520 460 postea,
551 407 629 448 hac
657 407 803 448 eadem
834 410 959 448 nocte
980 407 1168 449 Palatini
1189 407 1408 462 Apollinis

6 473 40 521 ¹¹5
62 463 272 516 templum
301 465 615 518 praefecturam
634 469 809 520 regente
830 465 1079 519 Aproniano
1112 466 1158 507 in
1177 468 1282 508 urbe
1315 483 1408 509 con-

59 520 264 575 flagrauit
295 525 480 577 aeterna,
512 524 598 578 ubi,
635 525 680 565 ni
712 524 940 578 multiplex
978 525 1158 566 iuuisset
1191 527 1408 581 auxilium,

10 608 11 611 η
60 579 188 621 etiam
211 579 401 623 Cumana
434 583 624 624 carmina
656 586 978 637 consumpserat
1006 584 1258 638 magnitudo
1291 585 1408 626 flam-

59 652 239 680 marum.

177 699 217 739 4.
248 697 355 740 Post
396 714 502 754 quae
543 701 605 741 ita
638 700 816 755 digesta,
858 701 1031 755 agmina
1069 704 1111 742 et
1144 705 1406 743 commeatus

5 756 41 794 10
61 756 200 797 omnis
233 758 402 811 generis
436 759 679 813 disponenti
710 762 1058 813 procursatorum
1078 759 1260 801 aduentu
1283 761 1409 802 anhe-

5 819 9 855 t
60 814 244 856 lantium
265 817 396 857 etiam
415 820 507 858 tum
539 818 751 859 indicatur
772 821 988 872 equestres
1021 818 1212 859 hostium
1242 822 1406 861 turmas

58 873 200 915 uicino
234 875 370 916 limite
404 877 588 930 quodam
619 879 822 930 perrupto
863 876 1069 917 auertisse
1109 877 1252 918 subito
1290 892 1409 931 prae-

59 931 145 973 das.
208 933 247 974 5.
279 934 396 975 cuius
429 936 655 976 atrocitate
688 935 793 976 mali
823 935 1042 988 perculsus
1075 935 1187 988 ilico,
1224 938 1272 976 ut
1309 939 1408 977 ante

13 996 17 997 ⁷
60 991 344 1045 cogitauerat,
393 994 577 1047 triginta
620 994 742 1035 milia
784 993 995 1034 lectorum
1038 993 1227 1034 militum
1272 994 1409 1035 eidem

0 1038 40 1112 [μ
60 1050 276 1091 commisit
306 1050 518 1106 Procopio
558 1053 703 1093 iuncto
744 1052 795 1093 ad
831 1052 1013 1106 parilem
1045 1054 1306 1105 potestatem
1339 1051 1409 1094 Se-

0 1102 26 1159 ὀ.
57 1107 256 1150 bastiano
290 1111 446 1152 comite
480 1125 531 1152 ex
563 1111 666 1152 duce
686 1110 890 1165 Aegypti,
928 1110 1146 1165 isdemque
1177 1112 1408 1166 praecepit,

18 1219 19 1222 Ἴ
57 1168 106 1207 ut
143 1167 258 1208 intra
296 1167 519 1223 Tigridem
556 1170 730 1211 interim
769 1171 946 1223 agerent
989 1169 1222 1223 uigilanter
1267 1170 1410 1211 omnia

13 1251 18 1275 η
59 1227 286 1280 seruaturi,
317 1228 476 1282 nequid
496 1228 720 1282 inopinum
753 1243 802 1269 ex
834 1228 1006 1269 incauto
1040 1228 1174 1269 latere
1206 1231 1410 1282 oreretur,

12 1307 16 1340 3
60 1285 207 1338 qualia
250 1286 388 1327 multa
433 1302 559 1341 saepe
591 1287 804 1341 ,didicerat
843 1286 1047 1339 euenisse,
1091 1287 1409 1341 mandabatque

61 1342 122 1384 eis
155 1346 214 1398 ut,
256 1345 292 1385 si
334 1345 427 1386 fieri
466 1346 611 1399 potius
643 1348 800 1399 posset⁷
831 1346 924 1399 regi
957 1345 1222 1386 sociarentur
1254 1345 1408 1387 Arsaci

59 1416 238 1457 cumque
272 1417 320 1444 eo
352 1418 428 1457 per
461 1403 727 1445 Corduenam
760 1406 802 1445 et
833 1402 1101 1457 Moxoenam,
1140 1402 1407 1445 Chiliocomo

57 1461 181 1502 uberi
199 1460 366 1503 Mediae
398 1465 552 1516 tractu,
583 1463 863 1517 partibusque
885 1462 981 1503 aliis
1008 1462 1263 1516 praestricto
1285 1477 1410 1504 cursu

58 1520 241 1562 uastatis
274 1521 386 1574 apud
417 1521 622 1575 Assyrios
657 1521 793 1562 adhuc
825 1521 973 1574 agenti
1005 1521 1088 1561 sibi
1110 1523 1410 1562 concurrerent

58 1579 365 1620 necessitatum
397 1580 589 1621 articulis
623 1580 823 1621 adfuturi.

0 1631 40 1675 '5
178 1637 216 1678 6.
247 1637 328 1679 His
367 1639 429 1679 ita
461 1639 670 1680 ordinatis
709 1639 800 1692 ipse
839 1638 954 1679 exitu
992 1637 1194 1679 simulato
1232 1652 1308 1692 per
1340 1637 1410 1678 Ti-

12 1694 17 1747 ᾖ
59 1695 238 1750 gridem,
271 1697 383 1750 quod
403 1697 484 1738 iter
503 1698 635 1739 etiam
654 1712 699 1738 re
720 1697 880 1738 cibaria
900 1696 949 1737 de
981 1696 1195 1737 industria
1221 1697 1410 1738 *iusserat

59 1754 227 1808 instrui,
259 1755 378 1796 flexit
409 1756 655 1797 dextrorsus
689 1758 731 1796 et
752 1755 896 1810 quieta
926 1758 1050 1796 nocte
1072 1770 1254 1808 emensa,
1286 1769 1409 1796 mane

13 1833 24 1867 z„
59 1812 298 1854 iumentum
331 1829 413 1868 quo
446 1814 673 1856 ueheretur
706 1829 757 1855 ex
788 1828 879 1866 usu,
910 1814 1120 1867 poposcit,
1153 1813 1410 1867 oblatusque

22 1884 25 1910 3
59 1871 100 1912 ei
131 1886 261 1926 equus
294 1872 560 1927 Babylonius
600 1873 772 1914 nomine
805 1872 893 1913 ictu
930 1872 1128 1912 torminis
1169 1874 1412 1912 consterna-

59 1932 129 1972 tus
162 1931 262 1972 dum
293 1931 488 1973 dolorum
526 1931 740 1986 inpatiens
778 1930 981 1983 uoluitur,
1020 1944 1122 1971 auro
1162 1930 1411 1984 lapillisque

62 1992 315 2031 ornamenta
355 1991 559 2032 distincta
597 1989 846 2043 conspersit.
915 2003 997 2043 quo
1038 1990 1210 2030 ostento
1256 1988 1412 2030 laetior

151 2190 169 2219 2
197 2187 410 2220 secuturum
435 2186 478 2230 by
510 2187 678 2220 secutum
708 2185 776 2219 VP
867 2189 887 2219 4
917 2185 986 2219 hac
1017 2195 1083 2219 om.
1123 2185 1189 2229 hya
1219 2188 1304 2228 post
1340 2185 1409 2218 hac

60 2231 255 2274 repetitum
280 2232 514 2275 compertum
540 2231 595 2265 est
619 2231 655 2264 P
747 2234 790 2265 10
822 2229 1042 2274 disponendi
1077 2229 1214 2274 VPbya
1286 2239 1410 2263 rocur-

29 2295 33 2302 =
60 2276 226 2309 satorum
255 2275 288 2310 G
312 2276 707 2320 perparocursatorum
741 2274 809 2309 VP
871 2279 913 2309 ‘20
945 2274 1176 2309 sociarentur
1204 2273 1250 2308 V²
1290 2275 1333 2323 A·
1355 2284 1410 2323 so-

60 2320 254 2354 ctarentur
282 2320 327 2354 V¹
420 2325 462 2355 23
489 2321 712 2354 concurrent
739 2319 807 2354 VP
832 2320 1070 2354 accurrerent
1096 2319 1129 2354 G
1221 2323 1265 2354 25
1291 2319 1411 2362 Tlgn-

60 2364 150 2398 dem
172 2365 305 2408 scripsi
328 2365 457 2410 tigrim
482 2365 586 2399 codd.
679 2368 722 2399 26
747 2364 829 2409 regi
853 2364 958 2398 uaria
976 2363 1091 2399 VPba
1115 2363 1226 2397 rebus
1242 2362 1357 2397 uariis
1377 2363 1411 2397 G

60 2413 103 2444 31
131 2411 276 2444 ostento
302 2410 370 2454 bya
395 2410 546 2444 extento
578 2409 644 2444 VP
