1614 2549
566 86 800 130 IVLIANVS
825 100 890 133 363
1326 115 1410 159 315

11 162 15 165 ’
62 162 128 204 11.
159 168 407 214 aedificatur
445 181 588 223 autem
626 184 708 228 hoc
747 192 884 234 modo.

946 199 1116 242 testudo
1150 208 1406 261 conpagina-

54 222 126 263 tur
161 224 346 272 inmanis
385 235 536 279 axibus
574 243 804 304 roborata,

853 252 1120 309 longissimis
1165 262 1401 321 ferreisque

53 279 189 324 clauis
222 290 369 340 aptata
390 295 432 333 et
465 301 710 355 contegltur
741 309 868 351 coriis
901 313 1074 358 bubulis
1095 319 1399 380 uirgarumque

202 343 210 350 ”
647 361 653 368 ”
841 376 1046 425 erguntur
1076 377 1165 419 eius
1199 395 1398 436 suprema

832 441 875 468 es
897 443 1031 473 casus.
1085 436 1149 477 12.
1170 453 1395 484 conserun-

43 456 115 496 tur
140 463 283 504 autem
317 466 406 509 eius
439 471 702 521 frontalibus
734 484 937 529 trisulcae
971 493 1163 547 cuspides
1192 513 1392 552 praeacu-

40 514 123 570 tae,
165 522 425 572 ponderibus
468 531 616 576 ferreis
654 551 821 597 graueS,
866 548 1010 600 qualia
1040 553 1164 596 nobis
1202 557 1388 610 pictores

38 576 270 622 ostendunt
312 583 495 630 fulmina
538 594 606 634 uel
651 597 839 657 fictores,
884 608 932 646 ut
977 610 1176 666 quicquid
1213 618 1388 669 petierit

36 633 197 677 aculeis
231 645 410 686 exsertis
444 648 684 707 abrumpat.
750 660 815 701 13.
841 662 951 706 hanc
982 667 1046 710 ita
1077 672 1265 716 ualidam
1297 691 1385 719 mo-

9 688 119 732 ·lem
149 697 258 738 rotis
292 703 334 741 et
366 702 539 750 funibus
559 726 714 766 regens
734 732 984 766 numerosus
1019 727 1273 775 intrinsecus
1307 737 1383 777 mi-

29 747 93 790 les
125 751 387 809 languidiori
407 778 626 812 murorum
646 776 760 826 parti
781 779 944 823 uiribus
967 785 1166 830 admouet
1188 794 1379 849 concitis,

27 810 72 848 et
101 810 186 852 nisi
219 815 400 872 desuper
430 834 797 882 propugnantium
829 840 1045 885 ualuerint
1065 847 1177 889 uires
1201 852 1376 896 conlisis

22 868 262 919 parietibus
297 877 437 921 aditus
468 887 676 936 patefacit
708 893 919 948 ingentes.

144 930 208 971 14.
253 931 449 981 Malleoli
494 947 649 1001 autem,
694 952 772 993 teli
816 969 963 1012 genus,
1009 961 1249 1015 figurantur
1292 969 1372 1012 hac

20 986 173 1036 specie.
236 994 398 1047 sagitta
437 1003 502 1041 est
541 1017 699 1049 cannea
735 1011 848 1054 inter
885 1017 1096 1070 spiculum
1135 1025 1179 1064 et
1216 1025 1369 1070 harun-

16 1040 159 1086 dinem
185 1050 399 1095 multifido
432 1058 547 1102 ferro
580 1073 881 1120 coagmentata

881 1107 892 1127 7
926 1090 1033 1130 quae
1066 1079 1111 1121 in
1142 1084 1365 1128 muliebris

14 1101 99 1143 coli
142 1104 337 1164 formam,
383 1129 466 1168 quo
504 1124 659 1164 nentur
699 1126 833 1171 lintea
871 1135 1067 1191 stamina,
1106 1147 1365 1186 concauatur

11 1163 161 1204 uentre
194 1167 415 1214 subtiliter

447 1178 489 1216 et
518 1179 790 1231 plurifariam
821 1193 974 1242 patens
1002 1198 1129 1251 atque
1160 1200 1205 1242 in
1238 1203 1361 1245 alueo

11 1216 102 1271 ipso
141 1222 287 1277 ignem
326 1244 421 1272 cum
460 1235 604 1291 aliquo
644 1245 822 1299 suscipit
862 1250 1079 1296 alimento.

11 1278 166 1322 emissa
205 1283 364 1329 lentius
407 1306 507 1334 arcu
548 1296 622 1339 inu

112 1630 156 1673 5.

194 1635 230 1677 1.
261 1638 451 1684 Adscitis
486 1644 793 1697 Saracenorum
826 1662 998 1704 auxiliis

14 1686 188 1733 btulere
219 1702 567 1760 promptissimis,
598 1711 776 1756 tendens
810 1717 869 1758 im

14 1743 236 1793 tercusium
265 1757 478 1814 principio

16 1803 225 1852 imentum
256 1815 522 1863 tutissimum
549 1827 591 1865 et
623 1827 742 1871 fabre
772 1835 971 1886 politum.
1021 1842 1138 1884 cuius
1166 1849 1337 1890 moenia

15 1862 134 1907 ,bora
176 1871 218 1910 et
248 1871 494 1928 Euphrates
537 1885 734 1929 ambiunt
775 1891 951 1937 fiumina
983 1899 1102 1941 uelut
1145 1905 1334 1957 spatium

15 1923 169 1967 [sulare
201 1928 424 1985 fingentes.
474 1939 513 1980 2.
535 1944 645 1995 quod
666 1945 961 1996 Diocletianus
993 1958 1194 2013 exiguum
1214 1967 1331 2007 ante-

15 1993 60 2021 30
93 1986 136 2025 et
167 1995 413 2043 suspectum
451 2000 583 2041 muris
623 2006 898 2064 turribusque
932 2014 1211 2063 circumdedit
1249 2024 1329 2066 cel-

19 2053 50 2092 3,
83 2056 178 2085 cum
210 2047 255 2088 in
286 2049 392 2104 ipsis
425 2054 709 2104 barbarorum
729 2068 924 2112 confiniis
956 2073 1183 2120 interiores
1216 2081 1326 2124 limi-

999 1698 1011 1718 ,
1044 1680 1151 1720 quae
1185 1671 1341 1714 animis

870 1725 1044 1773 perator
1065 1727 1172 1782 agili
1204 1732 1340 1783 gradu

512 1769 670 1810 mensis
703 1771 868 1827 Aprilis
902 1779 1120 1834 ingressus
1153 1790 1218 1828 est
1249 1803 1339 1832 mu-

16 2174 82 2181 ——

61 2264 101 2295 10
126 2265 217 2300 rotis
233 2268 269 2302 A
292 2271 391 2313 potis
416 2273 482 2309 VP
505 2279 600 2321 palis
625 2282 670 2326 by

17 2304 86 2339 Pha
155 2313 198 2344 20
223 2323 309 2348 arcu
336 2315 500 2354 inualido
526 2333 631 2359 arcus
662 2327 729 2363 VP

19 2358 38 2381 e
56 2350 101 2386 ba
147 2357 190 2390 30
215 2357 350 2394 aborae
375 2363 458 2398 tora
480 2365 548 2401 VP
594 2374 637 2404 32
662 2383 791 2419 suspec
