<?xml version="1.0" encoding="UTF-8"?>
<!DOCTYPE html PUBLIC "-//W3C//DTD XHTML 1.0 Transitional//EN"
    "http://www.w3.org/TR/xhtml1/DTD/xhtml1-transitional.dtd">
<html xmlns="http://www.w3.org/1999/xhtml" xml:lang="en" lang="en">
 <head>
  <title>
</title>
<meta http-equiv="Content-Type" content="text/html;charset=utf-8" />
  <meta name='ocr-system' content='tesseract 3.04.00' />
  <meta name='ocr-capabilities' content='ocr_page ocr_carea ocr_par ocr_line ocrx_word'/>
</head>
<body>
  <div class='ocr_page' id='page_1' title='image "./rerumgestarumlib01ammiuoft_0140.png"; bbox 0 0 1573 2508; ppageno 0'>
   <div class='ocr_carea' id='block_1_1' title="bbox 1246 0 1471 42">
    <p class='ocr_par' dir='ltr' id='par_1_1' title="bbox 1246 0 1471 42">
     <span class='ocr_line' id='line_1_1' title="bbox 1246 0 1471 42; baseline 0.018 -9"><span class='ocrx_word' id='word_1_1' title='bbox 1246 0 1254 8; x_wconf 92' lang='lat'>&#39;</span> <span class='ocrx_word' id='word_1_2' title='bbox 1284 0 1349 34; x_wconf 54' lang='lat'>5⁸1.</span> <span class='ocrx_word' id='word_1_3' title='bbox 1366 19 1422 42; x_wconf 60' lang='grc'>--,.</span> <span class='ocrx_word' id='word_1_4' title='bbox 1465 34 1471 38; x_wconf 81' lang='grc'>,</span> 
     </span>
    </p>
   </div>
   <div class='ocr_carea' id='block_1_2' title="bbox 1466 137 1573 362">
    <p class='ocr_par' dir='ltr' id='par_1_2' title="bbox 1466 137 1573 362">
     <span class='ocr_line' id='line_1_2' title="bbox 1466 137 1573 362; baseline 0 -165"><span class='ocrx_word' id='word_1_5' title='bbox 1466 137 1573 362; x_wconf 95' lang='lat' dir='ltr'>    </span> 
     </span>
    </p>
   </div>
   <div class='ocr_carea' id='block_1_3' title="bbox 116 71 919 116">
    <p class='ocr_par' dir='ltr' id='par_1_3' title="bbox 116 71 919 116">
     <span class='ocr_line' id='line_1_3' title="bbox 116 71 919 116; baseline -0.01 0"><span class='ocrx_word' id='word_1_6' title='bbox 116 73 171 116; x_wconf 88' lang='grc'>88</span> <span class='ocrx_word' id='word_1_7' title='bbox 651 71 736 107; x_wconf 78' lang='lat' dir='ltr'>XVI</span> <span class='ocrx_word' id='word_1_8' title='bbox 759 76 792 115; x_wconf 87' lang='lat'>8,</span> <span class='ocrx_word' id='word_1_9' title='bbox 809 75 919 108; x_wconf 68' lang='lat'>4-13</span> 
     </span>
    </p>
   </div>
   <div class='ocr_carea' id='block_1_4' title="bbox 83 165 1573 2091">
    <p class='ocr_par' dir='ltr' id='par_1_4' title="bbox 83 165 1573 1737">
     <span class='ocr_line' id='line_1_4' title="bbox 119 165 1466 221; baseline -0.001 -13"><span class='ocrx_word' id='word_1_10' title='bbox 119 181 218 221; x_wconf 88' lang='lat' dir='ltr'>ceps</span> <span class='ocrx_word' id='word_1_11' title='bbox 238 166 292 208; x_wconf 91' lang='lat' dir='ltr'>ob</span> <span class='ocrx_word' id='word_1_12' title='bbox 313 166 597 208; x_wconf 86' lang='lat' dir='ltr'>deuotionem.</span> <span class='ocrx_word' id='word_1_13' title='bbox 627 167 668 206; x_wconf 80' lang='lat'>4.</span> <span class='ocrx_word' id='word_1_14' title='bbox 692 165 742 219; x_wconf 84' lang='lat' dir='ltr'>is,</span> <span class='ocrx_word' id='word_1_15' title='bbox 768 169 816 206; x_wconf 89' lang='lat' dir='ltr'>ut</span> <span class='ocrx_word' id='word_1_16' title='bbox 836 165 1091 220; x_wconf 85' lang='lat' dir='ltr'>loquebatm·</span> <span class='ocrx_word' id='word_1_17' title='bbox 1110 166 1355 220; x_wconf 82' lang='lat' dir='ltr'>iactantius,</span> <span class='ocrx_word' id='word_1_18' title='bbox 1374 180 1466 208; x_wconf 84' lang='lat' dir='ltr'>uer-</span> 
     </span>
     <span class='ocr_line' id='line_1_5' title="bbox 119 223 1467 278; baseline -0.001 -11"><span class='ocrx_word' id='word_1_19' title='bbox 119 225 302 267; x_wconf 69' lang='lat' dir='ltr'>nabilem</span> <span class='ocrx_word' id='word_1_20' title='bbox 339 224 544 265; x_wconf 89' lang='lat' dir='ltr'>feminam</span> <span class='ocrx_word' id='word_1_21' title='bbox 575 227 675 278; x_wconf 87' lang='lat' dir='ltr'>post</span> <span class='ocrx_word' id='word_1_22' title='bbox 711 224 941 265; x_wconf 86' lang='lat' dir='ltr'>nefandum</span> <span class='ocrx_word' id='word_1_23' title='bbox 978 224 1251 266; x_wconf 71' lang='lat' dir='ltr'>concubitum</span> <span class='ocrx_word' id='word_1_24' title='bbox 1282 223 1328 265; x_wconf 88' lang='lat' dir='ltr'>in</span> <span class='ocrx_word' id='word_1_25' title='bbox 1358 223 1467 278; x_wconf 86' lang='lat' dir='ltr'>peri·</span> 
     </span>
     <span class='ocr_line' id='line_1_6' title="bbox 119 281 1468 326; baseline -0.001 0"><span class='ocrx_word' id='word_1_26' title='bbox 119 283 309 326; x_wconf 83' lang='lat' dir='ltr'>culosam</span> <span class='ocrx_word' id='word_1_27' title='bbox 347 281 540 324; x_wconf 84' lang='lat' dir='ltr'>fraudem</span> <span class='ocrx_word' id='word_1_28' title='bbox 577 282 747 323; x_wconf 85' lang='lat' dir='ltr'>inlexit:</span> <span class='ocrx_word' id='word_1_29' title='bbox 786 282 923 324; x_wconf 86' lang='lat' dir='ltr'>suasit</span> <span class='ocrx_word' id='word_1_30' title='bbox 959 282 1266 324; x_wconf 79' lang='lat' dir='ltr'>consarcinatis</span> <span class='ocrx_word' id='word_1_31' title='bbox 1298 281 1468 325; x_wconf 82' lang='lat' dir='ltr'>menda-</span> 
     </span>
     <span class='ocr_line' id='line_1_7' title="bbox 120 340 1470 384; baseline -0.001 -1"><span class='ocrx_word' id='word_1_32' title='bbox 120 342 197 384; x_wconf 83' lang='lat' dir='ltr'>ciis</span> <span class='ocrx_word' id='word_1_33' title='bbox 236 342 376 382; x_wconf 78' lang='lat' dir='ltr'>laesae</span> <span class='ocrx_word' id='word_1_34' title='bbox 409 340 646 382; x_wconf 86' lang='lat' dir='ltr'>maiestatis</span> <span class='ocrx_word' id='word_1_35' title='bbox 686 355 901 382; x_wconf 80' lang='lat' dir='ltr'>arcessere</span> <span class='ocrx_word' id='word_1_36' title='bbox 940 341 1143 382; x_wconf 88' lang='lat' dir='ltr'>maritum</span> <span class='ocrx_word' id='word_1_37' title='bbox 1181 341 1396 382; x_wconf 80' lang='lat' dir='ltr'>insontem</span> <span class='ocrx_word' id='word_1_38' title='bbox 1425 342 1470 382; x_wconf 87' lang='lat' dir='ltr'>et</span> 
     </span>
     <span class='ocr_line' id='line_1_8' title="bbox 120 398 1546 454; baseline -0.003 -13"><span class='ocrx_word' id='word_1_39' title='bbox 120 402 282 453; x_wconf 83' lang='lat' dir='ltr'>fingere</span> <span class='ocrx_word' id='word_1_40' title='bbox 315 399 425 454; x_wconf 86' lang='lat' dir='ltr'>quod</span> <span class='ocrx_word' id='word_1_41' title='bbox 457 399 652 440; x_wconf 88' lang='lat' dir='ltr'>uelamen</span> <span class='ocrx_word' id='word_1_42' title='bbox 690 413 947 453; x_wconf 86' lang='lat' dir='ltr'>purpureum</span> <span class='ocrx_word' id='word_1_43' title='bbox 981 415 1006 440; x_wconf 85' lang='lat' dir='ltr'>a</span> <span class='ocrx_word' id='word_1_44' title='bbox 1036 399 1297 441; x_wconf 80' lang='lat' dir='ltr'>Diocletiani</span> <span class='ocrx_word' id='word_1_45' title='bbox 1328 398 1503 453; x_wconf 75' lang='lat' dir='ltr'>sepul-5</span> <span class='ocrx_word' id='word_1_46' title='bbox 1541 415 1546 423; x_wconf 66' lang='lat'><strong><em>¹</em></strong></span> 
     </span>
     <span class='ocr_line' id='line_1_9' title="bbox 120 456 1468 512; baseline -0.001 -12"><span class='ocrx_word' id='word_1_47' title='bbox 120 474 191 500; x_wconf 86' lang='lat' dir='ltr'>cro</span> <span class='ocrx_word' id='word_1_48' title='bbox 212 458 377 500; x_wconf 88' lang='lat' dir='ltr'>furatus</span> <span class='ocrx_word' id='word_1_49' title='bbox 393 458 654 512; x_wconf 71' lang='lat' dir='ltr'>quibusdam</span> <span class='ocrx_word' id='word_1_50' title='bbox 674 458 854 499; x_wconf 85' lang='lat' dir='ltr'>consciis</span> <span class='ocrx_word' id='word_1_51' title='bbox 881 457 1139 499; x_wconf 77' lang='lat' dir='ltr'>occultabat.</span> <span class='ocrx_word' id='word_1_52' title='bbox 1171 458 1209 499; x_wconf 76' lang='lat'>5.</span> <span class='ocrx_word' id='word_1_53' title='bbox 1235 457 1388 512; x_wconf 86' lang='lat' dir='ltr'>hisque</span> <span class='ocrx_word' id='word_1_54' title='bbox 1413 456 1468 499; x_wconf 82' lang='lat' dir='ltr'>ad</span> 
     </span>
     <span class='ocr_line' id='line_1_10' title="bbox 121 514 1469 570; baseline 0 -12"><span class='ocrx_word' id='word_1_55' title='bbox 121 517 354 558; x_wconf 87' lang='lat' dir='ltr'>multorum</span> <span class='ocrx_word' id='word_1_56' title='bbox 386 516 564 557; x_wconf 80' lang='lat' dir='ltr'>exitium</span> <span class='ocrx_word' id='word_1_57' title='bbox 597 516 659 557; x_wconf 87' lang='lat' dir='ltr'>ita</span> <span class='ocrx_word' id='word_1_58' title='bbox 691 517 888 557; x_wconf 81' lang='lat' dir='ltr'>formatis</span> <span class='ocrx_word' id='word_1_59' title='bbox 921 516 1011 570; x_wconf 85' lang='lat' dir='ltr'>ipse</span> <span class='ocrx_word' id='word_1_60' title='bbox 1049 531 1123 570; x_wconf 89' lang='lat' dir='ltr'>spe</span> <span class='ocrx_word' id='word_1_61' title='bbox 1162 516 1378 570; x_wconf 87' lang='lat' dir='ltr'>potiorum</span> <span class='ocrx_word' id='word_1_62' title='bbox 1415 514 1469 558; x_wconf 83' lang='lat' dir='ltr'>ad</span> 
     </span>
     <span class='ocr_line' id='line_1_11' title="bbox 121 574 1468 629; baseline -0.001 -13"><span class='ocrx_word' id='word_1_63' title='bbox 121 575 394 629; x_wconf 86' lang='lat' dir='ltr'>imperatoris</span> <span class='ocrx_word' id='word_1_64' title='bbox 427 575 624 628; x_wconf 90' lang='lat' dir='ltr'>peruolat</span> <span class='ocrx_word' id='word_1_65' title='bbox 657 579 797 616; x_wconf 85' lang='lat' dir='ltr'>castra</span> <span class='ocrx_word' id='word_1_66' title='bbox 828 575 1089 616; x_wconf 79' lang='lat' dir='ltr'>excitaturus</span> <span class='ocrx_word' id='word_1_67' title='bbox 1111 574 1346 616; x_wconf 84' lang='lat' dir='ltr'>calumnias</span> <span class='ocrx_word' id='word_1_68' title='bbox 1372 587 1468 615; x_wconf 91' lang='lat' dir='ltr'>con-</span> 
     </span>
     <span class='ocr_line' id='line_1_12' title="bbox 120 633 1469 687; baseline -0.002 -11"><span class='ocrx_word' id='word_1_69' title='bbox 120 637 276 676; x_wconf 86' lang='lat' dir='ltr'>suetas.</span> <span class='ocrx_word' id='word_1_70' title='bbox 338 648 467 687; x_wconf 80' lang='lat' dir='ltr'>reque</span> <span class='ocrx_word' id='word_1_71' title='bbox 500 636 704 687; x_wconf 86' lang='lat' dir='ltr'>conperta</span> <span class='ocrx_word' id='word_1_72' title='bbox 740 633 912 674; x_wconf 88' lang='lat' dir='ltr'>iubetur</span> <span class='ocrx_word' id='word_1_73' title='bbox 943 633 1182 675; x_wconf 84' lang='lat' dir='ltr'>Mauortius</span> <span class='ocrx_word' id='word_1_74' title='bbox 1213 637 1314 674; x_wconf 85' lang='lat' dir='ltr'>t1u1c</span> <span class='ocrx_word' id='word_1_75' title='bbox 1350 646 1469 687; x_wconf 86' lang='lat' dir='ltr'>prae-</span> 
     </span>
     <span class='ocr_line' id='line_1_13' title="bbox 121 689 1523 745; baseline -0.001 -12"><span class='ocrx_word' id='word_1_76' title='bbox 121 694 255 734; x_wconf 80' lang='lat' dir='ltr'>fectus</span> <span class='ocrx_word' id='word_1_77' title='bbox 289 692 524 745; x_wconf 88' lang='lat' dir='ltr'>praetorio,</span> <span class='ocrx_word' id='word_1_78' title='bbox 561 692 628 732; x_wconf 89' lang='lat' dir='ltr'>uir</span> <span class='ocrx_word' id='word_1_79' title='bbox 660 692 856 733; x_wconf 88' lang='lat' dir='ltr'>sublimis</span> <span class='ocrx_word' id='word_1_80' title='bbox 890 692 1157 734; x_wconf 65' lang='lat' dir='ltr'>constantiae</span> <span class='ocrx_word' id='word_1_81' title='bbox 1189 692 1351 733; x_wconf 88' lang='lat' dir='ltr'>crimen</span> <span class='ocrx_word' id='word_1_82' title='bbox 1382 689 1523 733; x_wconf 80' lang='lat' dir='ltr'>aerim</span> 
     </span>
     <span class='ocr_line' id='line_1_14' title="bbox 122 750 1470 805; baseline -0.001 -13"><span class='ocrx_word' id='word_1_83' title='bbox 122 750 402 805; x_wconf 75' lang='lat' dir='ltr'>inquisitione</span> <span class='ocrx_word' id='word_1_84' title='bbox 446 752 639 803; x_wconf 81' lang='lat' dir='ltr'>spectare</span> <span class='ocrx_word' id='word_1_85' title='bbox 689 750 834 792; x_wconf 86' lang='lat' dir='ltr'>iuncto</span> <span class='ocrx_word' id='word_1_86' title='bbox 880 750 933 792; x_wconf 87' lang='lat' dir='ltr'>ad</span> <span class='ocrx_word' id='word_1_87' title='bbox 977 751 1174 792; x_wconf 85' lang='lat' dir='ltr'>audiendi</span> <span class='ocrx_word' id='word_1_88' title='bbox 1218 751 1470 792; x_wconf 88' lang='lat' dir='ltr'>societatem</span> 
     </span>
     <span class='ocr_line' id='line_1_15' title="bbox 122 807 1470 863; baseline -0.001 -13"><span class='ocrx_word' id='word_1_89' title='bbox 122 808 281 851; x_wconf 74' lang='lat' dir='ltr'>Vrsulo</span> <span class='ocrx_word' id='word_1_90' title='bbox 314 808 597 863; x_wconf 82' lang='lat' dir='ltr'>largitionum</span> <span class='ocrx_word' id='word_1_91' title='bbox 630 810 804 862; x_wconf 77' lang='lat' dir='ltr'>comite,</span> <span class='ocrx_word' id='word_1_92' title='bbox 836 809 1080 850; x_wconf 85' lang='lat' dir='ltr'>seueritatis</span> <span class='ocrx_word' id='word_1_93' title='bbox 1113 809 1262 851; x_wconf 89' lang='lat' dir='ltr'>itidem</span> <span class='ocrx_word' id='word_1_94' title='bbox 1292 823 1380 850; x_wconf 89' lang='lat' dir='ltr'>non</span> <span class='ocrx_word' id='word_1_95' title='bbox 1409 807 1470 849; x_wconf 92' lang='lat' dir='ltr'>in-</span> 
     </span>
     <span class='ocr_line' id='line_1_16' title="bbox 123 866 1470 921; baseline -0.001 -13"><span class='ocrx_word' id='word_1_96' title='bbox 123 867 380 921; x_wconf 85' lang='lat' dir='ltr'>probandae.</span> <span class='ocrx_word' id='word_1_97' title='bbox 413 867 450 908; x_wconf 80' lang='grc'>6.</span> <span class='ocrx_word' id='word_1_98' title='bbox 484 871 743 921; x_wconf 70' lang='lat' dir='ltr'>exaggerato</span> <span class='ocrx_word' id='word_1_99' title='bbox 776 868 920 921; x_wconf 88' lang='lat' dir='ltr'>itaque</span> <span class='ocrx_word' id='word_1_100' title='bbox 952 867 1126 921; x_wconf 80' lang='lat' dir='ltr'>negotio</span> <span class='ocrx_word' id='word_1_101' title='bbox 1159 868 1212 909; x_wconf 89' lang='lat' dir='ltr'>ad</span> <span class='ocrx_word' id='word_1_102' title='bbox 1243 866 1470 909; x_wconf 87' lang='lat' dir='ltr'>arbitrium</span> 
     </span>
     <span class='ocr_line' id='line_1_17' title="bbox 122 924 1517 980; baseline -0.001 -13"><span class='ocrx_word' id='word_1_103' title='bbox 122 931 363 980; x_wconf 86' lang='lat' dir='ltr'>temporum</span> <span class='ocrx_word' id='word_1_104' title='bbox 396 940 491 966; x_wconf 87' lang='lat' dir='ltr'>eum</span> <span class='ocrx_word' id='word_1_105' title='bbox 521 926 630 966; x_wconf 88' lang='lat' dir='ltr'>nihil</span> <span class='ocrx_word' id='word_1_106' title='bbox 663 930 761 979; x_wconf 87' lang='lat' dir='ltr'>post</span> <span class='ocrx_word' id='word_1_107' title='bbox 798 930 1014 967; x_wconf 82' lang='lat' dir='ltr'>tormenta</span> <span class='ocrx_word' id='word_1_108' title='bbox 1045 926 1279 968; x_wconf 83' lang='lat' dir='ltr'>multorum</span> <span class='ocrx_word' id='word_1_109' title='bbox 1310 924 1471 967; x_wconf 81' lang='lat' dir='ltr'>inueni·</span> <span class='ocrx_word' id='word_1_110' title='bbox 1508 952 1517 958; x_wconf 81' lang='lat'>-</span> 
     </span>
     <span class='ocr_line' id='line_1_18' title="bbox 121 983 1536 1038; baseline -0.001 -12"><span class='ocrx_word' id='word_1_111' title='bbox 121 986 239 1026; x_wconf 87' lang='lat' dir='ltr'>retur</span> <span class='ocrx_word' id='word_1_112' title='bbox 282 983 525 1038; x_wconf 85' lang='lat' dir='ltr'>iudicesque</span> <span class='ocrx_word' id='word_1_113' title='bbox 568 984 795 1026; x_wconf 88' lang='lat' dir='ltr'>haererent</span> <span class='ocrx_word' id='word_1_114' title='bbox 839 985 1052 1038; x_wconf 73' lang='lat' dir='ltr'>ambigui,</span> <span class='ocrx_word' id='word_1_115' title='bbox 1093 984 1265 1027; x_wconf 79' lang='lat' dir='ltr'>taudem</span> <span class='ocrx_word' id='word_1_116' title='bbox 1309 983 1469 1025; x_wconf 84' lang='lat' dir='ltr'>ueritas</span> <span class='ocrx_word' id='word_1_117' title='bbox 1490 983 1536 1021; x_wconf 58' lang='lat'>15&#39;</span> 
     </span>
     <span class='ocr_line' id='line_1_19' title="bbox 121 1041 1471 1097; baseline -0.001 -13"><span class='ocrx_word' id='word_1_118' title='bbox 121 1042 352 1096; x_wconf 84' lang='lat' dir='ltr'>respirauit</span> <span class='ocrx_word' id='word_1_119' title='bbox 389 1057 593 1096; x_wconf 85' lang='lat' dir='ltr'>oppressa</span> <span class='ocrx_word' id='word_1_120' title='bbox 633 1047 676 1084; x_wconf 89' lang='lat' dir='ltr'>et</span> <span class='ocrx_word' id='word_1_121' title='bbox 707 1044 751 1084; x_wconf 92' lang='lat' dir='ltr'>in</span> <span class='ocrx_word' id='word_1_122' title='bbox 789 1044 970 1097; x_wconf 78' lang='lat' dir='ltr'>abrupto</span> <span class='ocrx_word' id='word_1_123' title='bbox 1009 1043 1277 1084; x_wconf 78' lang='lat' dir='ltr'>necessitatis</span> <span class='ocrx_word' id='word_1_124' title='bbox 1317 1041 1471 1083; x_wconf 88' lang='lat' dir='ltr'>mulier</span> 
     </span>
     <span class='ocr_line' id='line_1_20' title="bbox 122 1101 1496 1154; baseline -0.001 -12"><span class='ocrx_word' id='word_1_125' title='bbox 122 1101 324 1142; x_wconf 83' lang='lat' dir='ltr'>Rufinum</span> <span class='ocrx_word' id='word_1_126' title='bbox 373 1101 510 1142; x_wconf 88' lang='lat' dir='ltr'>totius</span> <span class='ocrx_word' id='word_1_127' title='bbox 560 1101 785 1142; x_wconf 84' lang='lat' dir='ltr'>machinae</span> <span class='ocrx_word' id='word_1_128' title='bbox 835 1103 1060 1142; x_wconf 82' lang='lat' dir='ltr'>confitetur</span> <span class='ocrx_word' id='word_1_129' title='bbox 1109 1105 1346 1154; x_wconf 82' lang='lat' dir='ltr'>auctorem,</span> <span class='ocrx_word' id='word_1_130' title='bbox 1394 1114 1496 1150; x_wconf 15' lang='lat' dir='ltr'>nec,</span> 
     </span>
     <span class='ocr_line' id='line_1_21' title="bbox 124 1159 1557 1215; baseline 0 -14"><span class='ocrx_word' id='word_1_131' title='bbox 124 1159 325 1201; x_wconf 86' lang='lat' dir='ltr'>adulterii</span> <span class='ocrx_word' id='word_1_132' title='bbox 363 1159 568 1201; x_wconf 85' lang='lat' dir='ltr'>foeditate</span> <span class='ocrx_word' id='word_1_133' title='bbox 607 1175 854 1214; x_wconf 86' lang='lat' dir='ltr'>suppressa:</span> <span class='ocrx_word' id='word_1_134' title='bbox 899 1160 1130 1214; x_wconf 87' lang='lat' dir='ltr'>statimque</span> <span class='ocrx_word' id='word_1_135' title='bbox 1170 1160 1338 1215; x_wconf 81' lang='lat' dir='ltr'>legibus</span> <span class='ocrx_word' id='word_1_136' title='bbox 1376 1172 1471 1201; x_wconf 88' lang='lat' dir='ltr'>con·</span> <span class='ocrx_word' id='word_1_137' title='bbox 1504 1167 1513 1186; x_wconf 68' lang='lat' dir='ltr'><em>z</em></span> <span class='ocrx_word' id='word_1_138' title='bbox 1550 1196 1557 1209; x_wconf 61' lang='grc'><strong>,</strong></span> 
     </span>
     <span class='ocr_line' id='line_1_22' title="bbox 123 1217 1513 1272; baseline 0.001 -14"><span class='ocrx_word' id='word_1_139' title='bbox 123 1218 345 1272; x_wconf 87' lang='lat' dir='ltr'>templatis</span> <span class='ocrx_word' id='word_1_140' title='bbox 378 1249 601 1260; x_wconf 88' lang='grc'><strong><em>..........</em></strong></span> <span class='ocrx_word' id='word_1_141' title='bbox 634 1218 737 1260; x_wconf 85' lang='lat' dir='ltr'>ordo</span> <span class='ocrx_word' id='word_1_142' title='bbox 777 1221 819 1259; x_wconf 89' lang='lat' dir='ltr'>et</span> <span class='ocrx_word' id='word_1_143' title='bbox 863 1218 1031 1260; x_wconf 90' lang='lat' dir='ltr'>iustitia</span> <span class='ocrx_word' id='word_1_144' title='bbox 1069 1218 1218 1260; x_wconf 89' lang='lat' dir='ltr'>ambos</span> <span class='ocrx_word' id='word_1_145' title='bbox 1258 1217 1472 1260; x_wconf 83' lang='lat' dir='ltr'>sententia</span> <span class='ocrx_word' id='word_1_146' title='bbox 1508 1244 1513 1251; x_wconf 90' lang='lat'><em>·</em></span> 
     </span>
     <span class='ocr_line' id='line_1_23' title="bbox 123 1276 1526 1331; baseline 0 -14"><span class='ocrx_word' id='word_1_147' title='bbox 123 1277 379 1318; x_wconf 81' lang='lat' dir='ltr'>(lamnauere</span> <span class='ocrx_word' id='word_1_148' title='bbox 411 1277 544 1317; x_wconf 87' lang='lat' dir='ltr'>letali.</span> <span class='ocrx_word' id='word_1_149' title='bbox 585 1278 621 1318; x_wconf 78' lang='lat'>7.</span> <span class='ocrx_word' id='word_1_150' title='bbox 654 1292 737 1331; x_wconf 89' lang='lat' dir='ltr'>quo</span> <span class='ocrx_word' id='word_1_151' title='bbox 771 1277 944 1331; x_wconf 86' lang='lat' dir='ltr'>cognito</span> <span class='ocrx_word' id='word_1_152' title='bbox 978 1276 1255 1319; x_wconf 82' lang='lat' dir='ltr'>Constantius</span> <span class='ocrx_word' id='word_1_153' title='bbox 1288 1276 1471 1322; x_wconf 80' lang='lat' dir='ltr'>fremens</span> <span class='ocrx_word' id='word_1_154' title='bbox 1491 1287 1526 1313; x_wconf 82' lang='lat'>20</span> 
     </span>
     <span class='ocr_line' id='line_1_24' title="bbox 83 1335 1471 1390; baseline 0 -14"><span class='ocrx_word' id='word_1_155' title='bbox 83 1349 86 1352; x_wconf 89' lang='grc'><em>·</em></span> <span class='ocrx_word' id='word_1_156' title='bbox 123 1340 166 1376; x_wconf 87' lang='lat' dir='ltr'>et</span> <span class='ocrx_word' id='word_1_157' title='bbox 204 1339 424 1388; x_wconf 77' lang='lat' dir='ltr'>tamquam</span> <span class='ocrx_word' id='word_1_158' title='bbox 463 1335 674 1376; x_wconf 88' lang='lat' dir='ltr'>uindicem</span> <span class='ocrx_word' id='word_1_159' title='bbox 712 1336 865 1377; x_wconf 84' lang='lat' dir='ltr'>salutis</span> <span class='ocrx_word' id='word_1_160' title='bbox 904 1351 1003 1377; x_wconf 86' lang='lat' dir='ltr'>suae</span> <span class='ocrx_word' id='word_1_161' title='bbox 1046 1336 1196 1390; x_wconf 84' lang='lat' dir='ltr'>lugens</span> <span class='ocrx_word' id='word_1_162' title='bbox 1236 1335 1471 1377; x_wconf 84' lang='lat' dir='ltr'>extinctum</span> 
     </span>
     <span class='ocr_line' id='line_1_25' title="bbox 124 1393 1471 1447; baseline -0.001 -12"><span class='ocrx_word' id='word_1_163' title='bbox 124 1394 267 1435; x_wconf 87' lang='lat' dir='ltr'>missis</span> <span class='ocrx_word' id='word_1_164' title='bbox 308 1394 524 1447; x_wconf 88' lang='lat' dir='ltr'>equitibus</span> <span class='ocrx_word' id='word_1_165' title='bbox 564 1394 660 1435; x_wconf 82' lang='lat' dir='ltr'>citis</span> <span class='ocrx_word' id='word_1_166' title='bbox 699 1393 906 1435; x_wconf 85' lang='lat' dir='ltr'>Vrsulum</span> <span class='ocrx_word' id='word_1_167' title='bbox 950 1394 1088 1435; x_wconf 84' lang='lat' dir='ltr'>redire</span> <span class='ocrx_word' id='word_1_168' title='bbox 1127 1395 1179 1436; x_wconf 87' lang='lat' dir='ltr'>ad</span> <span class='ocrx_word' id='word_1_169' title='bbox 1218 1394 1471 1435; x_wconf 87' lang='lat' dir='ltr'>comitatum</span> 
     </span>
     <span class='ocr_line' id='line_1_26' title="bbox 124 1452 1470 1506; baseline -0.001 -13"><span class='ocrx_word' id='word_1_170' title='bbox 124 1452 350 1494; x_wconf 87' lang='lat' dir='ltr'>minaciter</span> <span class='ocrx_word' id='word_1_171' title='bbox 389 1452 515 1493; x_wconf 86' lang='lat' dir='ltr'>iussit</span> <span class='ocrx_word' id='word_1_172' title='bbox 554 1467 602 1494; x_wconf 77' lang='lat' dir='ltr'>ac</span> <span class='ocrx_word' id='word_1_173' title='bbox 646 1452 798 1494; x_wconf 85' lang='lat' dir='ltr'>sistere</span> <span class='ocrx_word' id='word_1_174' title='bbox 837 1453 1030 1506; x_wconf 82' lang='lat' dir='ltr'>ueritati,</span> <span class='ocrx_word' id='word_1_175' title='bbox 1075 1453 1146 1494; x_wconf 89' lang='lat' dir='ltr'>sed</span> <span class='ocrx_word' id='word_1_176' title='bbox 1190 1453 1263 1494; x_wconf 91' lang='lat' dir='ltr'>ille</span> <span class='ocrx_word' id='word_1_177' title='bbox 1301 1452 1470 1506; x_wconf 87' lang='lat' dir='ltr'>spretis,</span> 
     </span>
     <span class='ocr_line' id='line_1_27' title="bbox 125 1510 1470 1566; baseline 0 -14"><span class='ocrx_word' id='word_1_178' title='bbox 125 1511 198 1566; x_wconf 89' lang='lat' dir='ltr'>qui</span> <span class='ocrx_word' id='word_1_179' title='bbox 228 1510 530 1564; x_wconf 84' lang='lat' dir='ltr'>prohibebant,</span> <span class='ocrx_word' id='word_1_180' title='bbox 561 1511 757 1564; x_wconf 87' lang='lat' dir='ltr'>perrupit</span> <span class='ocrx_word' id='word_1_181' title='bbox 790 1511 1025 1564; x_wconf 85' lang='lat' dir='ltr'>intrepidus</span> <span class='ocrx_word' id='word_1_182' title='bbox 1051 1512 1354 1566; x_wconf 77' lang='lat' dir='ltr'>ingressusque</span> <span class='ocrx_word' id='word_1_183' title='bbox 1375 1525 1470 1552; x_wconf 88' lang='lat' dir='ltr'>con-</span> 
     </span>
     <span class='ocr_line' id='line_1_28' title="bbox 124 1569 1573 1624; baseline 0.001 -15"><span class='ocrx_word' id='word_1_184' title='bbox 124 1569 344 1611; x_wconf 80' lang='lat' dir='ltr'>sistorium</span> <span class='ocrx_word' id='word_1_185' title='bbox 377 1584 449 1610; x_wconf 90' lang='lat' dir='ltr'>ore</span> <span class='ocrx_word' id='word_1_186' title='bbox 483 1572 525 1610; x_wconf 90' lang='lat' dir='ltr'>et</span> <span class='ocrx_word' id='word_1_187' title='bbox 562 1574 732 1623; x_wconf 82' lang='lat' dir='ltr'>pectore</span> <span class='ocrx_word' id='word_1_188' title='bbox 772 1570 907 1610; x_wconf 84' lang='lat' dir='ltr'>libero</span> <span class='ocrx_word' id='word_1_189' title='bbox 946 1570 1089 1612; x_wconf 85' lang='lat' dir='ltr'>docuit</span> <span class='ocrx_word' id='word_1_190' title='bbox 1127 1573 1268 1624; x_wconf 83' lang='lat' dir='ltr'>gesta:</span> <span class='ocrx_word' id='word_1_191' title='bbox 1306 1569 1474 1623; x_wconf 86' lang='lat' dir='ltr'>hacque</span> <span class='ocrx_word' id='word_1_192' title='bbox 1490 1580 1526 1605; x_wconf 79' lang='lat'>25</span> <span class='ocrx_word' id='word_1_193' title='bbox 1572 1613 1573 1623; x_wconf 13' lang='grc' dir='ltr'>ἵ</span> 
     </span>
     <span class='ocr_line' id='line_1_29' title="bbox 124 1626 1573 1682; baseline 0 -14"><span class='ocrx_word' id='word_1_194' title='bbox 124 1627 279 1669; x_wconf 84' lang='lat' dir='ltr'>fiducia</span> <span class='ocrx_word' id='word_1_195' title='bbox 317 1627 476 1681; x_wconf 71' lang='lat' dir='ltr'>linguis</span> <span class='ocrx_word' id='word_1_196' title='bbox 516 1628 786 1669; x_wconf 84' lang='lat' dir='ltr'>adulatorum</span> <span class='ocrx_word' id='word_1_197' title='bbox 824 1628 1005 1670; x_wconf 84' lang='lat' dir='ltr'>occlusis</span> <span class='ocrx_word' id='word_1_198' title='bbox 1046 1632 1087 1669; x_wconf 87' lang='lat' dir='ltr'>et</span> <span class='ocrx_word' id='word_1_199' title='bbox 1124 1627 1389 1682; x_wconf 83' lang='lat' dir='ltr'>praefectum</span> <span class='ocrx_word' id='word_1_200' title='bbox 1427 1631 1471 1669; x_wconf 90' lang='lat' dir='ltr'>et</span> <span class='ocrx_word' id='word_1_201' title='bbox 1572 1626 1573 1630; x_wconf 70' lang='grc'>’</span> 
     </span>
     <span class='ocr_line' id='line_1_30' title="bbox 124 1686 861 1737; baseline 0 -10"><span class='ocrx_word' id='word_1_202' title='bbox 124 1700 168 1727; x_wconf 86' lang='lat' dir='ltr'>se</span> <span class='ocrx_word' id='word_1_203' title='bbox 201 1686 445 1727; x_wconf 87' lang='lat' dir='ltr'>discrimine</span> <span class='ocrx_word' id='word_1_204' title='bbox 478 1687 602 1737; x_wconf 72' lang='lat' dir='ltr'>graui</span> <span class='ocrx_word' id='word_1_205' title='bbox 634 1687 861 1728; x_wconf 87' lang='lat' dir='ltr'>subtraxit.</span> 
     </span>
    </p>

    <p class='ocr_par' dir='ltr' id='par_1_5' title="bbox 124 1743 1526 2091">
     <span class='ocr_line' id='line_1_31' title="bbox 244 1743 1471 1799; baseline 0 -15"><span class='ocrx_word' id='word_1_206' title='bbox 244 1746 281 1785; x_wconf 82' lang='lat'>8.</span> <span class='ocrx_word' id='word_1_207' title='bbox 315 1743 434 1785; x_wconf 86' lang='lat' dir='ltr'>Tunc</span> <span class='ocrx_word' id='word_1_208' title='bbox 467 1744 574 1785; x_wconf 87' lang='lat' dir='ltr'>illud</span> <span class='ocrx_word' id='word_1_209' title='bbox 607 1745 719 1799; x_wconf 87' lang='lat' dir='ltr'>apud</span> <span class='ocrx_word' id='word_1_210' title='bbox 741 1744 982 1799; x_wconf 87' lang='lat' dir='ltr'>Aquitanos</span> <span class='ocrx_word' id='word_1_211' title='bbox 1009 1745 1164 1798; x_wconf 87' lang='lat' dir='ltr'>euenit,</span> <span class='ocrx_word' id='word_1_212' title='bbox 1196 1744 1308 1799; x_wconf 88' lang='lat' dir='ltr'>quod</span> <span class='ocrx_word' id='word_1_213' title='bbox 1340 1743 1471 1786; x_wconf 84' lang='lat' dir='ltr'>latior</span> 
     </span>
     <span class='ocr_line' id='line_1_32' title="bbox 124 1802 1471 1857; baseline -0.001 -14"><span class='ocrx_word' id='word_1_214' title='bbox 124 1805 239 1844; x_wconf 77' lang='lat' dir='ltr'>fama</span> <span class='ocrx_word' id='word_1_215' title='bbox 258 1803 471 1856; x_wconf 81' lang='lat' dir='ltr'>uulgarat.</span> <span class='ocrx_word' id='word_1_216' title='bbox 522 1806 738 1844; x_wconf 86' lang='lat' dir='ltr'>ueterator</span> <span class='ocrx_word' id='word_1_217' title='bbox 760 1804 930 1857; x_wconf 83' lang='lat' dir='ltr'>quidam</span> <span class='ocrx_word' id='word_1_218' title='bbox 953 1803 1004 1844; x_wconf 84' lang='lat' dir='ltr'>ad</span> <span class='ocrx_word' id='word_1_219' title='bbox 1036 1804 1201 1844; x_wconf 88' lang='lat' dir='ltr'>lautum</span> <span class='ocrx_word' id='word_1_220' title='bbox 1227 1802 1471 1844; x_wconf 89' lang='lat' dir='ltr'>conuiuium</span> 
     </span>
     <span class='ocr_line' id='line_1_33' title="bbox 124 1860 1526 1915; baseline -0.001 -12"><span class='ocrx_word' id='word_1_221' title='bbox 124 1865 303 1915; x_wconf 84' lang='lat' dir='ltr'>rogatus</span> <span class='ocrx_word' id='word_1_222' title='bbox 348 1865 391 1902; x_wconf 89' lang='lat' dir='ltr'>et</span> <span class='ocrx_word' id='word_1_223' title='bbox 433 1862 654 1914; x_wconf 70' lang='lat' dir='ltr'>mtmdum,</span> <span class='ocrx_word' id='word_1_224' title='bbox 699 1862 844 1915; x_wconf 86' lang='lat' dir='ltr'>qualia</span> <span class='ocrx_word' id='word_1_225' title='bbox 887 1866 987 1903; x_wconf 67' lang='lat' dir='ltr'>simt</span> <span class='ocrx_word' id='word_1_226' title='bbox 1030 1862 1074 1902; x_wconf 89' lang='lat' dir='ltr'>in</span> <span class='ocrx_word' id='word_1_227' title='bbox 1112 1861 1178 1902; x_wconf 88' lang='lat' dir='ltr'>his</span> <span class='ocrx_word' id='word_1_228' title='bbox 1222 1860 1470 1915; x_wconf 80' lang='lat' dir='ltr'>regionibus</span> <span class='ocrx_word' id='word_1_229' title='bbox 1489 1872 1526 1896; x_wconf 80' lang='lat'>³0</span> 
     </span>
     <span class='ocr_line' id='line_1_34' title="bbox 125 1919 1470 1973; baseline 0 -13"><span class='ocrx_word' id='word_1_230' title='bbox 125 1920 326 1973; x_wconf 85' lang='lat' dir='ltr'>plurima,</span> <span class='ocrx_word' id='word_1_231' title='bbox 371 1934 466 1960; x_wconf 90' lang='lat' dir='ltr'>cum</span> <span class='ocrx_word' id='word_1_232' title='bbox 505 1920 683 1961; x_wconf 85' lang='lat' dir='ltr'>uidisset</span> <span class='ocrx_word' id='word_1_233' title='bbox 722 1920 952 1961; x_wconf 87' lang='lat' dir='ltr'>linteorum</span> <span class='ocrx_word' id='word_1_234' title='bbox 992 1920 1195 1961; x_wconf 89' lang='lat' dir='ltr'>toralium</span> <span class='ocrx_word' id='word_1_235' title='bbox 1233 1934 1328 1973; x_wconf 85' lang='lat' dir='ltr'>par,</span> <span class='ocrx_word' id='word_1_236' title='bbox 1366 1919 1470 1960; x_wconf 87' lang='lat' dir='ltr'>duos</span> 
     </span>
     <span class='ocr_line' id='line_1_35' title="bbox 126 1977 1472 2020; baseline -0.001 -1"><span class='ocrx_word' id='word_1_237' title='bbox 126 1979 268 2019; x_wconf 86' lang='lat' dir='ltr'>clauos</span> <span class='ocrx_word' id='word_1_238' title='bbox 301 1979 363 2019; x_wconf 88' lang='lat' dir='ltr'>ita</span> <span class='ocrx_word' id='word_1_239' title='bbox 402 1978 637 2020; x_wconf 87' lang='lat' dir='ltr'>latissimos</span> <span class='ocrx_word' id='word_1_240' title='bbox 670 1982 717 2019; x_wconf 92' lang='lat' dir='ltr'>ut</span> <span class='ocrx_word' id='word_1_241' title='bbox 749 1979 831 2019; x_wconf 81' lang='lat' dir='ltr'>sibi</span> <span class='ocrx_word' id='word_1_242' title='bbox 869 1979 1060 2020; x_wconf 83' lang='lat' dir='ltr'>uicissim</span> <span class='ocrx_word' id='word_1_243' title='bbox 1098 1983 1190 2020; x_wconf 85' lang='lat' dir='ltr'>arte</span> <span class='ocrx_word' id='word_1_244' title='bbox 1229 1977 1472 2019; x_wconf 82' lang='lat' dir='ltr'>ministran-</span> 
     </span>
     <span class='ocr_line' id='line_1_36' title="bbox 125 2035 1474 2091; baseline -0.001 -14"><span class='ocrx_word' id='word_1_245' title='bbox 125 2037 233 2078; x_wconf 85' lang='lat' dir='ltr'>tium</span> <span class='ocrx_word' id='word_1_246' title='bbox 267 2036 557 2090; x_wconf 86' lang='lat' dir='ltr'>cohaererent,</span> <span class='ocrx_word' id='word_1_247' title='bbox 590 2051 862 2091; x_wconf 83' lang='lat' dir='ltr'>mensamque</span> <span class='ocrx_word' id='word_1_248' title='bbox 895 2037 1172 2090; x_wconf 84' lang='lat' dir='ltr'>operimentis</span> <span class='ocrx_word' id='word_1_249' title='bbox 1206 2035 1381 2090; x_wconf 85' lang='lat' dir='ltr'>paribus</span> <span class='ocrx_word' id='word_1_250' title='bbox 1413 2038 1474 2077; x_wconf 92' lang='lat' dir='ltr'>te-</span> 
     </span>
    </p>
   </div>
   <div class='ocr_carea' id='block_1_5' title="bbox 1546 318 1573 1616">
    <p class='ocr_par' dir='ltr' id='par_1_6' title="bbox 1546 318 1573 1616">
     <span class='ocr_line' id='line_1_37' title="bbox 1546 318 1573 1616; baseline 0 0"><span class='ocrx_word' id='word_1_251' title='bbox 1546 318 1573 1616; x_wconf 95' lang='lat' dir='ltr'> </span> 
     </span>
    </p>
   </div>
   <div class='ocr_carea' id='block_1_6' title="bbox 1538 312 1547 374">
    <p class='ocr_par' dir='ltr' id='par_1_7' title="bbox 1538 312 1547 374">
     <span class='ocr_line' id='line_1_38' title="bbox 1538 312 1547 351; baseline 0 0"><span class='ocrx_word' id='word_1_252' title='bbox 1538 312 1547 351; x_wconf 72' lang='grc' dir='ltr'><strong>ἐ</strong></span> 
     </span>
     <span class='ocr_line' id='line_1_39' title="bbox 1539 358 1547 374; baseline 0 0"><span class='ocrx_word' id='word_1_253' title='bbox 1539 358 1547 374; x_wconf 62' lang='grc'><strong>6</strong></span> 
     </span>
    </p>
   </div>
   <div class='ocr_carea' id='block_1_7' title="bbox 124 2161 1473 2385">
    <p class='ocr_par' dir='ltr' id='par_1_8' title="bbox 124 2161 1473 2385">
     <span class='ocr_line' id='line_1_40' title="bbox 222 2161 1470 2206; baseline 0 -11"><span class='ocrx_word' id='word_1_254' title='bbox 222 2167 232 2195; x_wconf 85' lang='lat'><em>1</em></span> <span class='ocrx_word' id='word_1_255' title='bbox 262 2162 290 2194; x_wconf 87' lang='lat' dir='ltr'>is</span> <span class='ocrx_word' id='word_1_256' title='bbox 324 2162 488 2195; x_wconf 71' lang='lat' dir='ltr'>V‘aleszus</span> <span class='ocrx_word' id='word_1_257' title='bbox 513 2161 568 2195; x_wconf 87' lang='lat' dir='ltr'>bis</span> <span class='ocrx_word' id='word_1_258' title='bbox 599 2162 733 2205; x_wconf 72' lang='grc' dir='ltr'><em>11)ὺια</em></span> <span class='ocrx_word' id='word_1_259' title='bbox 812 2164 879 2197; x_wconf 78' lang='lat'>⁸18</span> <span class='ocrx_word' id='word_1_260' title='bbox 905 2162 1167 2206; x_wconf 82' lang='lat' dir='ltr'>contemplatis</span> <span class='ocrx_word' id='word_1_261' title='bbox 1196 2161 1362 2196; x_wconf 69' lang='lat' dir='ltr'>lalesius</span> <span class='ocrx_word' id='word_1_262' title='bbox 1386 2171 1470 2195; x_wconf 87' lang='lat' dir='ltr'>con-</span> 
     </span>
     <span class='ocr_line' id='line_1_41' title="bbox 125 2174 1473 2251; baseline -0.001 -10"><span class='ocrx_word' id='word_1_263' title='bbox 125 2209 201 2241; x_wconf 83' lang='lat' dir='ltr'>tem</span> <span class='ocrx_word' id='word_1_264' title='bbox 228 2205 307 2250; x_wconf 82' lang='lat' dir='ltr'>[.lac</span> <span class='ocrx_word' id='word_1_265' title='bbox 325 2209 370 2239; x_wconf 85' lang='lat'>30</span> <span class='ocrx_word' id='word_1_266' title='bbox 389 2207 471 2250; x_wconf 58' lang='lat' dir='ltr'>lita]</span> <span class='ocrx_word' id='word_1_267' title='bbox 499 2206 606 2240; x_wconf 83' lang='lat' dir='ltr'>ordes</span> <span class='ocrx_word' id='word_1_268' title='bbox 631 2208 670 2240; x_wconf 88' lang='lat' dir='ltr'>et</span> <span class='ocrx_word' id='word_1_269' title='bbox 688 2174 840 2240; x_wconf 64' lang='lat' dir='ltr'>ilustiam</span> <span class='ocrx_word' id='word_1_270' title='bbox 866 2208 898 2240; x_wconf 95' lang='lat' dir='ltr'><em>V</em></span> <span class='ocrx_word' id='word_1_271' title='bbox 913 2208 980 2242; x_wconf 87' lang='lat' dir='ltr'>lac.</span> <span class='ocrx_word' id='word_1_272' title='bbox 1007 2207 1245 2251; x_wconf 76' lang='lat' dir='ltr'>eoepleuerunt</span> <span class='ocrx_word' id='word_1_273' title='bbox 1270 2206 1337 2240; x_wconf 83' lang='lat' dir='ltr'>ba</span> <span class='ocrx_word' id='word_1_274' title='bbox 1359 2206 1473 2250; x_wconf 83' lang='lat' dir='ltr'>prout</span> 
     </span>
     <span class='ocr_line' id='line_1_42' title="bbox 153 2216 1359 2296; baseline 0.001 -12.021"><span class='ocrx_word' id='word_1_275' title='bbox 153 2251 304 2285; x_wconf 83' lang='lat' dir='ltr'>oscebat</span> <span class='ocrx_word' id='word_1_276' title='bbox 327 2250 417 2284; x_wconf 90' lang='lat' dir='ltr'>ordo</span> <span class='ocrx_word' id='word_1_277' title='bbox 444 2253 479 2284; x_wconf 82' lang='lat' dir='ltr'>et</span> <span class='ocrx_word' id='word_1_278' title='bbox 507 2250 649 2284; x_wconf 86' lang='lat' dir='ltr'>iustitia</span> <span class='ocrx_word' id='word_1_279' title='bbox 674 2252 756 2286; x_wconf 69' lang='lat' dir='ltr'>uulf</span> <span class='ocrx_word' id='word_1_280' title='bbox 745 2263 785 2285; x_wconf 82' lang='grc' dir='ltr'>(ο</span> <span class='ocrx_word' id='word_1_281' title='bbox 865 2257 908 2287; x_wconf 74' lang='grc'><em>23</em></span> <span class='ocrx_word' id='word_1_282' title='bbox 932 2252 1038 2286; x_wconf 80' lang='lat' dir='ltr'>iussit</span> <span class='ocrx_word' id='word_1_283' title='bbox 1062 2252 1082 2286; x_wconf 87' lang='lat' dir='ltr'><strong><em>b</em></strong></span> <span class='ocrx_word' id='word_1_284' title='bbox 1106 2263 1129 2285; x_wconf 85' lang='lat' dir='ltr'>a</span> <span class='ocrx_word' id='word_1_285' title='bbox 1152 2261 1260 2296; x_wconf 78' lang='lat' dir='ltr'>posse</span> <span class='ocrx_word' id='word_1_286' title='bbox 1291 2216 1359 2286; x_wconf 46' lang='lat'>371³</span> 
     </span>
     <span class='ocr_line' id='line_1_43' title="bbox 166 2263 1472 2341; baseline -0.001 -12"><span class='ocrx_word' id='word_1_287' title='bbox 166 2307 242 2339; x_wconf 67' lang='lat' dir='ltr'>caup</span> <span class='ocrx_word' id='word_1_288' title='bbox 244 2299 257 2329; x_wconf 81' lang='lat' dir='ltr'>t</span> <span class='ocrx_word' id='word_1_289' title='bbox 282 2295 328 2329; x_wconf 84' lang='lat' dir='ltr'>ad</span> <span class='ocrx_word' id='word_1_290' title='bbox 359 2295 390 2327; x_wconf 92' lang='lat' dir='ltr'><em>V</em></span> <span class='ocrx_word' id='word_1_291' title='bbox 469 2300 508 2329; x_wconf 79' lang='lat'>31</span> <span class='ocrx_word' id='word_1_292' title='bbox 538 2295 678 2329; x_wconf 77' lang='lat' dir='ltr'>uilisset</span> <span class='ocrx_word' id='word_1_293' title='bbox 812 2308 879 2340; x_wconf 83' lang='lat' dir='ltr'>par</span> <span class='ocrx_word' id='word_1_294' title='bbox 905 2296 937 2330; x_wconf 88' lang='lat' dir='ltr'><em>G</em></span> <span class='ocrx_word' id='word_1_295' title='bbox 962 2307 1030 2341; x_wconf 90' lang='lat' dir='ltr'>per</span> <span class='ocrx_word' id='word_1_296' title='bbox 1090 2263 1176 2331; x_wconf 82' lang='lat' dir='ltr'>Pba</span> <span class='ocrx_word' id='word_1_297' title='bbox 1253 2299 1296 2330; x_wconf 83' lang='lat'>33</span> <span class='ocrx_word' id='word_1_298' title='bbox 1319 2293 1472 2339; x_wconf 76' lang='lat' dir='ltr'>paribus</span> 
     </span>
     <span class='ocr_line' id='line_1_44' title="bbox 124 2339 481 2385; baseline -0.008 -10"><span class='ocrx_word' id='word_1_299' title='bbox 124 2340 196 2375; x_wconf 88' lang='lat' dir='ltr'>Pb</span> <span class='ocrx_word' id='word_1_300' title='bbox 183 2351 228 2385; x_wconf 78' lang='lat' dir='ltr'>Ja</span> <span class='ocrx_word' id='word_1_301' title='bbox 253 2339 418 2384; x_wconf 82' lang='lat' dir='ltr'>partibus</span> <span class='ocrx_word' id='word_1_302' title='bbox 451 2339 481 2373; x_wconf 92' lang='lat' dir='ltr'><em>V</em></span> 
     </span>
    </p>
   </div>
  </div>
 </body>
</html>
