1573 2508
137 77 188 117 ω
645 71 734 108 xm
759 77 790 115 5,
816 75 916 115 7—6,
941 76 960 107 5

133 183 225 210 sese
263 169 509 223 repentinus
548 166 704 208 infudit
736 171 778 208 et
815 167 1034 209 ferebatur
1065 181 1141 221 per
1173 169 1342 220 strages
1375 166 1481 208 mul-

132 227 300 281 tiplices
334 242 381 268 ac
414 226 570 277 ruinas,
604 226 785 267 uinculis
819 226 1011 267 membra
1049 225 1331 280 ingenuorum
1364 224 1481 266 adfli-

131 298 236 339 gens
282 289 322 325 et
368 284 574 338 quosdam
618 284 817 326 obterens
855 285 1049 336 manicis,
1093 283 1272 325 crimina
1314 283 1480 325 scilicet

133 344 267 384 multa
301 343 635 384 consarcinando
675 359 699 385 a
731 343 913 384 ueritate
951 343 1080 397 longe
1112 342 1308 384 discreta.
1369 341 1478 384 unde

133 402 365 443 admissum
398 405 462 442 est
495 402 660 443 facinus
693 402 885 456 impium,
918 401 1029 455 quod
1050 400 1278 443 Constanti
1308 404 1477 455 tempus
1497 415 1514 442 5

133 464 233 501 nota
246 460 457 501 inusserat
472 461 742 514 sempiterna.
777 462 813 501 7.
825 460 1036 502 Martinus
1049 473 1180 513 agens
1196 459 1294 500 illas
1309 459 1479 513 prouin-

133 519 218 559 cias
252 533 328 572 pro
362 520 587 572 praefectis
609 534 832 560 aerumnas
864 519 1155 560 innocentium
1187 517 1379 572 grauiter
1410 530 1479 572 ge-

133 591 251 618 mens
284 592 492 631 saepeque
519 578 758 625 obsecrans,
791 581 837 619 ut
864 578 917 618 ab
939 578 1054 618 omni
1075 577 1200 631 culpa
1233 577 1478 618 inmunibus

132 640 388 689 parceretur,
419 650 514 676 cum
535 650 620 676 11011
651 637 898 690 inpetraret,
930 636 1177 677 minabatur
1209 650 1253 676 se
1273 635 1478 676 discessu-

133 708 243 734 rum:
276 698 323 735 ut
356 694 510 735 saltem
543 695 584 735 id
617 698 810 736 metuens
843 694 1104 749 perquisitor
1123 694 1353 735 maliuolus
1385 697 1477 734 tan-
1498 709 1531 735 10

131 752 227 792 dem
258 753 470 793 desineret
503 753 635 807 quieti
668 753 848 794 coalitos
882 753 1074 794 homines
1108 753 1152 794 in
1184 757 1332 807 aperta
1371 752 1478 806 peri-

132 811 227 851 cula
247 811 496 864 proiectare.
559 812 596 853 8.
616 827 692 865 per
717 812 796 853 hoc
818 812 951 853 minui
978 811 1166 853 studium
1191 826 1314 852 suum
1334 811 1478 852 existi-

131 883 253 910 mans
285 869 458 922 Paulus,
495 873 543 911 ut
575 874 666 911 erat
703 871 747 911 111
779 871 1070 924 conplicandis
1102 870 1289 924 negotiis
1323 869 1477 910 artifex

130 927 259 980 dirus,
291 928 400 968 mide
432 928 470 968 ei
492 928 677 970 (s'atenae
710 929 892 970 inditum
912 933 977 971 est
997 931 1338 983 cognomentum,
1367 927 1478 969 uica-

131 985 241 1026 rium
272 986 413 1040 ipsum
446 1002 516 1027 eos
539 987 692 1041 quibus
725 993 921 1041 praeerat
941 988 1075 1029 adhuc
1101 987 1393 1028 defensantem
1425 985 1478 1027 ad
1499 1001 1531 1026 15

132 1047 292 1085 sortem
323 1045 609 1098 periculorum
631 1047 918 1088 commmiium
950 1047 1095 1088 traxit.
1145 1049 1188 1087 et
1219 1045 1411 1087 instabat
1431 1048 1478 1087 ut

131 1117 226 1143 eum
259 1117 426 1157 quoque
459 1118 553 1144 cum
585 1105 768 1146 tribunis
799 1109 841 1146 et
874 1106 970 1146 aliis
1003 1105 1198 1158 pluribus
1231 1104 1282 1146 ad
1303 1104 1477 1146 comita-

131 1164 222 1202 uun
253 1161 526 1215 imperatoris
548 1163 738 1204 uinctum
770 1164 1036 1217 perduceret:
1069 1178 1152 1218 quo
1183 1163 1371 1217 percitus
1403 1162 1477 1204 ille

132 1219 261 1260 exitio
294 1224 473 1274 urgente
506 1221 834 1275 abruptoferro
868 1222 1046 1263 eundem
1073 1222 1264 1263 adoritur
1282 1221 1477 1263 Paulum.

131 1281 173 1319 et
206 1279 306 1332 quia
345 1279 575 1333 languente
607 1280 779 1321 dextera
818 1281 1008 1322 letaliter
1043 1280 1170 1322 ferire
1208 1294 1294 1322 non
1324 1279 1531 1334 potuit‚20

131 1337 216 1377 iam
247 1337 490 1379 districtum
523 1353 768 1380 mucronem
806 1340 849 1380 111
886 1339 1106 1393 proprium
1148 1339 1261 1380 latus
1300 1339 1478 1393 inpegit.

130 1394 294 1449 hocque
326 1395 506 1437 deformi
538 1410 691 1451 genere
723 1398 874 1439 mortis
908 1398 1090 1439 excessit
1120 1412 1141 1438 e
1173 1398 1264 1439 uita
1296 1397 1477 1439 iustissi-

131 1468 222 1494 mus
265 1457 403 1496 rector
444 1470 571 1496 ausus
601 1457 867 1498 miserabiles
900 1471 1023 1498 casus
1057 1456 1199 1498 leuare
1233 1456 1476 1498 multorum.

131 1512 169 1552 9.
201 1513 356 1566 quibus
388 1513 450 1554 ita
482 1514 660 1556 sceleste
692 1515 875 1569 patratis
909 1515 1067 1556 Paulus
1100 1530 1248 1557 cruore
1280 1513 1475 1569 perfusus

130 1585 409 1625 reuersusque
432 1572 483 1613 ad
515 1573 718 1627 principis
741 1578 879 1615 castra
913 1573 1071 1614 multos
1093 1577 1316 1628 coopertos
1342 1587 1476 1627 paene
1495 1586 1529 1612 25

130 1630 291 1670 catenis
313 1630 488 1672 adduxit
508 1632 552 1672 in
571 1632 815 1686 squalorem
835 1633 1020 1674 deiectos
1054 1635 1181 1686 atque
1202 1632 1477 1683 maestitiam,

130 1702 309 1742 quorum
343 1689 528 1730 aduentu
566 1691 897 1732 intendebantur
933 1691 1066 1732 eculei
1106 1705 1319 1746 [uicosque
1355 1705 1476 1744 para·

132 1745 206 1787 bat
249 1747 436 1789 carnifex
477 1753 519 1790 et
563 1752 791 1790 tormenta.
866 1754 908 1791 et
945 1764 994 1790 ex
1035 1750 1069 1790 is
1109 1749 1336 1804 proscripti
1376 1751 1476 1790 sinit
1535 1794 1539 1797 ³

128 1804 272 1858 plures
305 1807 472 1860 actique
511 1807 554 1848 in
587 1808 762 1849 exilium
794 1808 881 1861 alii,
919 1823 1003 1849 11011
1033 1808 1175 1849 nullos
1214 1808 1349 1862 gladii
1380 1821 1476 1849 cou-

130 1877 346 1917 sumpsere
377 1866 591 1918 poenales.
640 1881 715 1907 nec
737 1867 848 1908 enim
870 1867 1096 1922 quisquam
1127 1867 1254 1908 facile
1281 1865 1477 1908 meminit
1494 1879 1529 1906 ⁸0

129 1922 206 1962 sub
246 1922 512 1977 Constantio,
552 1925 624 1966 ubi
665 1941 837 1967 susurro
877 1930 998 1967 tenus
1038 1925 1141 1966 haec
1181 1925 1475 1978 mouebantur,

129 1994 385 2035 quemquam
418 1983 674 2025 absolutum.

172 2161 179 2167 ·
218 2122 237 2152 3
271 2119 480 2164 ma<nicis>
511 2134 575 2151 -α-
600 2120 692 2163 (fuit
723 2121 822 2167 disse)
855 2122 1010 2156 crimina
1041 2121 1074 2156 V
1137 2125 1157 2156 6
1189 2122 1372 2156 inusserat
1407 2120 1474 2166 bqa

127 2164 327 2197 remsserat
355 2163 422 2198 VP
516 2169 555 2199 12
586 2167 793 2210 proiectare
824 2167 904 2211 qu
939 2167 1146 2211 prolectare
1190 2165 1255 2201 VA
1349 2170 1390 2200 14
1426 2165 1460 2200 ei

128 2209 166 2241 et
196 2206 305 2242 VI'ba
400 2210 579 2244 *cataene
612 2209 644 2242 V
734 2214 774 2245 15
798 2213 965 2255 parserat
989 2211 1056 2252 baa
1151 2215 1191 2247 19
1218 2210 1378 2255 abrupto
1408 2208 1440 2244 V

127 2250 285 2295 abrepto
309 2252 330 2286 b
355 2264 378 2287 a
459 2258 500 2287 ‘23
527 2255 648 2289 rector
671 2254 787 2289 Ernst
813 2266 958 2290 remora
987 2247 1129 2290 VGAP
1197 2259 1241 2290 25
1264 2264 1386 2299 poene
1408 2253 1476 2289 ΥΡ

126 2298 291 2340 pondere
345 2308 367 2341 9
435 2302 478 2331 ‘26
504 2299 674 2333 adductis
711 2299 813 2334 1241>
848 2300 1035 2335 adducens
1068 2300 1101 2334 G
1160 2303 1203 2335 28
1234 2301 1271 2335 et
1301 2309 1346 2335 ex
1371 2299 1416 2335 iis
1441 2297 1476 2334 G

128 2350 147 2374 e
172 2342 234 2377 tex
260 2343 289 2375 is
321 2342 348 2376 V
373 2343 507 2377 exteris
535 2344 612 2378 I’brr
