1614 2549
53 429 68 456 5

33 726 66 751 10

35 1019 67 1045 15

36 1314 69 1339 20

36 1601 69 1626 25

362 79 700 117 CONSTANTIVS
725 80 786 115 ΕΤ
809 79 1041 115 IVLIANVS
1066 83 1132 116 360
1355 79 1439 124 223

209 178 247 220 8.
278 177 435 219 Densis
473 176 617 231 itaque
656 175 875 217 ordinibus
915 190 1010 216 cum
1046 175 1247 217 tubarum
1291 175 1439 216 incita-

90 236 245 278 mentis
278 236 417 287 latera
447 235 595 289 oppidi
626 238 779 277 cuncta
811 235 984 276 adortus
1018 234 1172 275 alacris
1205 234 1342 289 miles,
1381 235 1438 276 le-

90 295 292 350 gionibus
336 295 382 335 in
423 294 660 336 testudines
704 294 848 336 uarias
894 293 1183 348 conglobatis,
1226 293 1440 347 paulatim

88 356 182 395 tuto
213 353 493 408 progrediens
526 354 729 395 subruere
762 352 932 394 moenia
970 353 1218 406 conabatur,
1256 354 1300 393 et
1338 352 1440 407 quia

88 413 273 454 telorum
306 426 429 453 omne
469 425 602 467 genus
641 413 686 453 in
719 412 948 453 subeuntes
983 411 1287 465 effundebatur,
1326 425 1440 452 nexu

88 472 337 526 clypeorum
375 471 516 512 soluto
555 471 790 512 discessum
829 472 912 524 est,
949 470 994 510 in
1031 472 1251 523 receptum
1289 484 1440 511 canen·

87 531 202 572 tibus
235 531 383 585 signis.
434 530 472 571 9.
505 530 661 571 laxatis
695 529 846 571 deinde
879 528 931 570 ad
952 528 1064 569 diem
1084 543 1216 570 unum
1248 528 1440 582 indutiis,

86 589 217 631 tertia
258 590 352 630 luce
398 589 604 630 curiosius
648 589 763 642 tecti,
808 588 933 629 elatis
977 588 1140 641 passim
1179 587 1439 628 clamoribus

87 662 286 690 ascensus
329 647 516 702 undique
558 648 842 701 temptabant.
911 649 954 687 et
997 646 1100 687 licet
1142 645 1438 687 defensoribus

87 707 276 748 obtentis
299 706 449 747 ciliciis
482 721 534 747 ne
556 706 902 760 conspicerentur
930 706 982 746 ab
1015 705 1212 746 hostibus
1245 704 1441 745 latebant

86 766 355 820 intrinsecus,
375 768 532 819 tamen,
553 766 748 820 quotiens
781 764 1008 819 flagitabat
1032 763 1277 817 necessitas,
1308 762 1441 804 lacer-

87 828 154 867 tos
186 824 359 866 fortiter
392 827 633 866 exertantes
666 824 880 878 lapidibus
915 823 1129 864 subiectos
1169 821 1442 863 incessebant

89 887 131 924 et
161 883 273 924 telis.
339 883 403 924 10.
425 885 467 924 et
497 883 709 924 uimineae
744 885 882 923 crates
905 897 999 923 cum
1030 881 1312 935 procederent
1344 893 1440 920 con-

87 942 269 983 fidenter
301 945 527 996 essentque
565 941 803 996 parietibus
838 941 1077 994 contiguae,
1110 939 1226 980 dolia
1257 938 1440 992 desuper

88 1001 307 1054 cadebant,
350 1001 491 1042 molae
537 1003 579 1041 et
623 1000 918 1041 columnarum
962 999 1217 1053 fragmenta,
1259 1011 1441 1051 quorum

86 1059 348 1114 ponderibus
380 1059 526 1101 nimiis
548 1059 840 1100 obruebantur
868 1060 1200 1112 oppugnatores,
1231 1055 1441 1109 hiatuque

87 1119 276 1160 uiolento
323 1118 511 1160 disiectis
557 1118 835 1172 operimentis
881 1131 977 1158 cum
1026 1115 1229 1170 periculis
1273 1114 1440 1156 ultimis

88 1178 340 1219 euadebant.

210 1237 275 1277 11.
295 1236 473 1277 Decimo
507 1236 651 1290 itaque
683 1238 913 1289 postquam
944 1233 1128 1288 pugnari
1156 1234 1354 1287 coeptum
1375 1232 1443 1272 est

89 1295 170 1349 die,
202 1310 297 1337 cum
330 1309 425 1348 spes
446 1297 694 1336 nostrorum
725 1293 932 1335 interiora
952 1296 1103 1333 cuncta
1134 1305 1325 1333 maerore
1346 1304 1441 1331 con-

89 1355 250 1409 pleret,
293 1353 519 1395 transferri
565 1353 787 1407 placuerat
831 1352 989 1393 molem
1034 1351 1182 1392 arietis
1226 1363 1441 1404 magnam,

90 1428 218 1468 quam
248 1412 404 1454 Persae
438 1413 653 1467 quondam
684 1411 917 1453 Antiochia
948 1410 1143 1464 pulsibus
1177 1409 1266 1450 eius
1300 1407 1442 1449 excisa

89 1472 273 1513 relatam
316 1472 584 1526 reliquerant
627 1471 738 1524 apud
783 1469 956 1522 Carras,
1007 1484 1114 1524 quae
1159 1468 1302 1510 subito
1346 1466 1442 1507 uisa

90 1534 321 1585 aptataque
365 1530 618 1584 faberrime,
663 1530 906 1571 clausorum
949 1528 1232 1569 hebetauerat
1275 1527 1441 1567 mentes

90 1590 141 1630 ad
173 1604 307 1644 usque
328 1589 557 1631 deditionis
578 1588 766 1630 remedia
797 1602 932 1642 paene
952 1587 1187 1641 prolapsas,
1218 1585 1264 1626 ni
1282 1598 1442 1626 resum-

88 1649 175 1702 ptis
207 1648 372 1689 uiribus
393 1648 647 1702 opponenda
667 1647 824 1688 minaci
845 1646 1067 1688 machinae
1099 1645 1443 1699 praeparassent.

92 1708 158 1749 12.
168 1721 245 1748 1100
256 1707 478 1748 temeritas
489 1706 704 1761 posthaec
717 1707 960 1747 cessauerat
973 1719 1049 1745 nec
1062 1704 1300 1746 consilium.
1325 1716 1443 1743 nam-

90 1781 170 1821 que
204 1766 304 1807 dum
342 1766 627 1807 instrueretur
666 1766 776 1806 aries
809 1767 1004 1806 uetustus
1038 1766 1081 1804 et
1111 1762 1358 1815 dissolutus,
1395 1763 1443 1801 ut

90 1825 216 1867 facile
255 1824 483 1866 ueheretur
525 1825 641 1866 omni
687 1826 777 1865 arte
824 1823 1024 1877 omnique
1062 1822 1220 1863 uirium
1258 1821 1356 1861 nisu
1400 1821 1445 1859 ct

362 1936 379 1954 8·

181 1965 202 1994 4
226 1962 416 1996 moenium
446 1960 479 1995 V
569 1960 657 2004 quia
682 1960 760 2004 (qui
777 1961 810 2003 b)
836 1960 996 1994 telorum
1021 1959 1087 2004 bya
1112 1958 1177 2002 qui
1201 1956 1390 1991 caelorum
1412 1954 1446 1987 V

92 2011 110 2041 7
132 2006 287 2040 indutiis
313 2005 480 2041 Valesius
502 2005 662 2039 indomis
682 2005 784 2039 codd.
810 2004 941 2038 animis
966 2005 1034 2048 bgra
1129 2007 1167 2037 11
1184 2001 1443 2036 interimsecus

95 2051 163 2085 VP
256 2051 326 2085 *13
357 2051 443 2085 telis
483 2051 551 2094 bya
590 2050 649 2083 ilis
690 2050 730 2092 (il
761 2059 850 2084 corr.
883 2050 921 2082 in
954 2049 1003 2090 01)
1034 2048 1067 2082 V
1161 2047 1345 2082 femineae
1376 2044 1444 2078 VP

93 2100 133 2130 16
148 2107 279 2130 nemus
299 2096 366 2130 VP
416 2099 455 2130 19
471 2095 680 2139 oppugnari
699 2096 764 2139 bgsa
793 2095 968 2138 coeptum
984 2095 1039 2128 est
1057 2093 1117 2127 die
1134 2093 1167 2127 G·
1188 2092 1247 2126 die
1266 2090 1442 2139 coeptum

93 2142 150 2175 est
178 2140 291 2175 VPba
361 2144 404 2175 20
429 2151 512 2184 spes
537 2140 605 2183 ἔνθα
636 2151 700 2183 spe
727 2140 830 2174 codd.
883 2139 1063 2173 interiora
1092 2138 1258 2172 Valesius
1288 2135 1445 2169 interior

97 2185 212 2221 VPba
247 2186 400 2220 inferior
439 2185 473 2220 G
565 2188 604 2218 21
638 2185 766 2229 magni
804 2185 837 2219 G
873 2195 1048 2228 magnum
1089 2186 1189 2222 (-am.
1228 2181 1286 2226 ba)
1328 2179 1444 2214 VPba

92 2235 135 2265 22
167 2231 292 2265 excisa
320 2230 355 2264 V
443 2233 487 2264 24
512 2230 715 2274 aptataque
750 2229 783 2263 G
815 2230 1010 2272 artataque
1047 2228 1135 2263 VPb
1227 2231 1269 2262 25
1294 2225 1443 2273 prolap-

93 2286 149 2309 sas
174 2276 213 2309 ni
237 2275 438 2319 resumptis
465 2274 535 2308 ΘΑ
559 2275 752 2319 prolapsos
785 2285 831 2308 ne
863 2274 1095 2317 resumptum
1124 2272 1212 2307 VPb
1305 2273 1347 2304 26
1377 2279 1444 2302 ml-

93 2321 178 2354 naci
201 2320 396 2354 machinae
424 2319 457 2354 G-
481 2319 698 2353 minacimas
723 2318 809 2353 hine
841 2319 874 2352 V
964 2322 1006 2353 ‘28
1031 2318 1119 2352 dum
1152 2319 1220 2362 bya
1251 2317 1314 2350 diu
1340 2313 1444 2349 codd.

94 2368 136 2399 29
163 2366 241 2399 arte
271 2365 305 2399 G
329 2365 483 2411 argente
507 2363 573 2399 VP
599 2364 820 2409 argumento
846 2364 1048 2398 Liudenlsr.
