1614 2549
387 67 727 105 CONSTANTNS
753 70 815 106 ET
839 71 1072 108 IVLIANVS
1090 79 1156 111 359
1355 81 1439 122 159

83 160 374 203 obsidionales
418 177 648 205 aerumnae
692 167 934 221 terrebant,
977 169 1092 210 intra
1135 173 1436 216 semiclausam

81 219 292 273 posticam
336 222 529 275 exposito
572 238 704 277 puero
747 228 995 268 nostrorum
1034 242 1191 283 agmen
1233 232 1434 286 agilitate

80 278 246 319 uolucri
276 280 525 333 repetebam
557 283 784 338 exanimis,
827 300 906 327 nec
949 287 1132 330 multum
1178 290 1287 332 afuit
1330 293 1433 347 quin

81 350 266 390 caperer.
331 339 396 379 12.
427 354 528 381 nam
560 355 656 382 cum
674 341 941 397 Abdigidum
968 348 1179 400 quendam
1210 349 1435 392 tribunum

43 405 60 431 5
79 394 319 449 fugientem
340 412 436 439 cum
456 399 604 441 calone
638 400 708 442 ala
727 406 976 456 sequeretur
1007 404 1192 461 hostilis,
1224 407 1432 465 lapsoque

76 467 155 507 per
184 454 334 509 fugam
367 456 538 499 domino
573 474 744 500 seruum
769 460 1093 518 deprehensum,
1126 480 1222 507 cum
1255 481 1335 522 ego
1367 484 1434 510 ra-

76 512 176 566 pido
209 514 297 555 ictu
327 517 568 570 transirem,
599 518 941 573 interrogassent
972 522 1169 576 quisnam
1199 530 1431 579 prouectus

77 571 134 612 sit
170 572 313 627 iudeX,
352 574 654 631 audissentque
687 576 935 621 Vrsicinum
971 582 1100 635 paulo
1143 587 1241 625 ante
1278 586 1432 628 urbem

76 629 319 684 ingressum
362 636 553 675 montem
596 635 758 677 Izalam
801 641 965 692 petere:
1017 642 1157 683 occiso
1201 643 1340 685 indice
1385 646 1431 686 in

22 699 56 725 10
74 703 206 730 unum
228 692 411 745 quaesiti
433 694 658 747 conplures
683 710 762 737 nos
795 697 1046 752 inrequietis
1069 702 1263 744 cursibus
1297 706 1430 745 secta-

74 747 242 790 bantur.
307 750 372 791 13.
411 766 516 805 quos
557 768 651 794 cum
689 755 869 797 iumenti
908 758 1105 812 agilitate
1146 775 1427 816 praegressus

74 808 184 860 apud
203 808 394 850 Amudin
424 813 736 854 munimentum
767 815 986 858 infirmum
1011 818 1216 872 dispersis
1247 835 1324 875 per
1355 836 1428 875 pa-

71 865 221 907 bulum
260 868 379 922 equis
418 871 670 913 recubantes
709 876 880 915 nostros
923 878 1110 918 securius
1152 878 1426 934 inuenissem,

70 928 271 978 porrecto
300 929 510 970 extentius
549 930 726 972 brachio
760 935 803 973 et
841 936 1163 978 summitatibus
1202 938 1297 992 sagi
1330 953 1427 980 con-

18 992 52 1017 15
70 984 198 1025 tortis
233 985 387 1028 elatius
409 987 555 1029 adesse
587 989 734 1031 hostes
768 991 891 1046 signo
926 994 1055 1036 solito
1077 995 1425 1039 demonstrabam

69 1042 287 1098 isdemque
329 1045 498 1088 iunctus
537 1048 701 1102 impetu
740 1053 957 1094 communi
988 1053 1158 1095 ferebar
1191 1070 1298 1110 equo
1338 1057 1426 1097 iam

68 1100 306 1144 fatiscente.
372 1105 436 1145 14.
468 1107 660 1148 terrebat
693 1111 836 1150 autem
868 1126 945 1153 nos
978 1112 1265 1166 plenilunium
1284 1116 1423 1157 noctis

69 1162 112 1200 et
141 1161 345 1214 planities
379 1165 532 1218 supina
564 1180 824 1222 camporum,
855 1171 986 1224 nulla,
1020 1172 1056 1212 si
1089 1177 1340 1227 occupasset
1361 1189 1423 1215 ar-

66 1218 152 1260 tior
172 1234 305 1273 casus,
338 1222 523 1265 latibula
554 1226 759 1278 praebere
781 1228 1008 1284 sufficiens,
1040 1232 1116 1272 ubi
1141 1246 1219 1273 nec
1246 1233 1422 1275 arbores

1 1288 51 1319 ,220
68 1291 146 1319 nec
190 1278 374 1322 frutecta
416 1296 494 1324 nec
540 1284 768 1339 quicquam
812 1291 983 1341 praeter
1026 1289 1183 1331 herbas
1234 1291 1421 1334 humiles

66 1336 298 1379 uisebatur.
364 1340 417 1382 15
450 1343 742 1396 excogitatum
775 1348 840 1387 est
872 1361 974 1401 ergo
996 1351 1043 1389 ut
1070 1349 1245 1390 ardente
1278 1365 1423 1405 super-

64 1396 208 1449 posita
246 1396 443 1452 lampade
483 1403 525 1441 et
563 1402 879 1459 circumligata,
910 1421 964 1447 ne
996 1411 1150 1462 rueret,
1181 1409 1421 1451 iumentum

65 1454 217 1509 solum,
250 1457 361 1510 quod
394 1473 488 1500 eam
508 1459 706 1515 uehebat,
739 1464 927 1505 solutum
949 1466 1038 1507 sine
1059 1470 1225 1509 rectore
1256 1468 1421 1510 laeuor-

64 1527 134 1554 sus
167 1514 230 1555 ire
262 1517 597 1573 permitteretur,
636 1534 731 1561 cum
763 1537 841 1564 nos
876 1524 928 1564 ad
960 1529 1188 1567 montanos
1222 1541 1419 1568 excessus

8 1582 44 1609 25
63 1571 214 1614 dextra
252 1575 419 1628 positos
458 1578 728 1620 tenderemus
767 1584 815 1622 ut
851 1584 1100 1636 praelucere
1139 1585 1329 1627 sebalem
1360 1586 1420 1627 fa-

11 1658 13 1660 -
64 1645 155 1672 cem
186 1632 282 1674 duci
310 1634 449 1676 lenius
483 1638 698 1690 gradienti
730 1638 887 1683 Persae
921 1643 1142 1686 credentes
1175 1659 1272 1686 eum
1303 1647 1419 1686 tene-

61 1692 158 1731 rent
188 1692 461 1745 potissimum
494 1709 679 1750 cursum3
713 1699 826 1752 quod
856 1700 941 1742 nisi
973 1702 1126 1744 fuisset
1158 1704 1418 1758 praeuisum,

62 1748 340 1792 circumuenti
361 1755 403 1793 et
424 1754 539 1808 capti
564 1755 643 1797 sub
665 1757 877 1800 dicionem
902 1761 1167 1803 uenissemus
1200 1762 1417 1804 hostilem.

184 1810 249 1850 16.
269 1809 364 1852 Hoc
385 1814 566 1854 extracti
591 1815 782 1868 periculo
804 1832 899 1859 cum
921 1820 973 1861 ad
993 1835 1269 1863 nemorosum
1290 1836 1418 1875 quen-

4 1865 42 1902 30
61 1866 161 1908 dam
192 1868 335 1910 locum
354 1870 490 1912 uineis
512 1873 786 1929 arbustisque
807 1878 1030 1930 pomiferis
1052 1880 1265 1921 consitum
1285 1879 1417 1921 Meia-

61 1926 197 1967 carire
216 1928 390 1970 nomine
410 1930 691 1986 uenissemus,
725 1935 792 1976 cui
823 1935 964 1978 fontes
985 1937 1135 1979 dedere
1157 1939 1416 1980 uocabulum

59 1984 205 2039 gelidi,
237 1986 370 2040 lapsis
405 1989 561 2031 accolis
584 1992 782 2034 omnibus
816 1994 956 2036 solum
988 1997 1220 2038 ini-emoto
1244 2011 1415 2038 secessu

58 2042 265 2085 latentem
296 2046 538 2089 inuenimus
571 2050 767 2106 militem,
801 2053 874 2106 qui
894 2054 1065 2096 oblatus
1098 2056 1195 2097 duci
1227 2058 1270 2097 et
1300 2056 1415 2098 locu-

57 2103 126 2143 tus
147 2104 269 2145 uaria
297 2119 399 2158 prae
419 2106 574 2149 timore
595 2109 775 2164 ideoque
796 2116 1032 2168 suspectus,
1066 2115 1268 2169 adigente
1295 2118 1413 2156 metu

149 2221 169 2251 3
195 2217 290 2252 afuit
318 2218 357 2255 0.
382 2220 429 2255 F.
459 2221 516 2256 W.
546 2223 685 2258 Mw'c‘ller
721 2225 793 2259 fuit
828 2227 930 2262 codd.
1025 2233 1046 2262 4
1072 2229 1219 2275 abdigit
1255 2231 1304 2265 du
1346 2230 1415 2264 VP

58 2263 76 2294 7
111 2262 301 2305 profectus
330 2264 445 2299 VPba
468 2267 681 2310 praefectus
720 2269 754 2304 G
835 2275 855 2306 9
880 2272 919 2306 in
953 2285 1069 2308 unum
1100 2275 1134 2308 V
1154 2276 1350 2310 minimum
1378 2275 1412 2308 G

57 2308 420 2389 ΞῖἐΞΠὲἓξὲἒεὲθθνῗε
449 2310 563 2347 VPba
658 2318 699 2349 17
723 2326 790 2350 nos
815 2326 880 2351 om.
901 2318 945 2362 by
1038 2324 1081 2354 30
1105 2320 1374 2365 Magriobriam
1392 2320 1413 2354 b
