1614 2549
0 0 110 67 ss<

334 86 669 123 CONSTANTIVS
692 86 755 121 ET
780 86 1011 121 IVLIANVS
1035 91 1101 122 356
1337 88 1391 130 79

40 183 284 225 Tricasinos
316 181 520 223 tendebat
540 183 583 221 et
613 181 821 221 barbaros
855 181 900 221 in
931 195 975 222 se
996 182 1250 222 cateruatim
1269 196 1390 223 ruen-

38 246 103 284 tes
134 242 304 296 partim,
336 254 432 281 cum
456 239 630 280 timeret
659 241 709 280 ut
740 239 984 293 ampliores,
1017 240 1220 281 confertis
1247 240 1390 281 lateri·

38 302 116 343 bus
149 298 434 351 obseruabat,:f
450 298 560 339 alios
581 298 798 352 occupatis
831 298 1050 339 habilibus
1083 299 1190 340 locis
1211 299 1390 340 decursu

38 359 155 401 facili
184 362 420 412 proterens,
449 372 536 398 non
567 357 708 398 nullos
741 371 898 410 pauore
930 357 1112 399 traditos
1134 358 1259 412 cepit,
1289 358 1391 398 resi-

2 431 19 457 5
39 418 142 460 duos
179 417 225 458 in
263 432 408 458 curam
439 415 672 457 celeritatis
705 429 829 456 omne
862 416 975 468 quod
1012 418 1215 469 poterant
1253 415 1391 458 confe-

37 480 192 530 rentes,
231 476 331 530 quia
369 475 489 529 sequi
520 488 608 515 non
644 474 819 514 ualebat
857 474 1073 527 grauitate
1114 475 1388 528 praepeditus

39 549 267 588 armorum,
287 535 489 575 innocuos
511 533 630 574 abire
651 547 877 586 perpessus
900 535 975 574 est.
1040 533 1075 573 7.
1096 534 1273 586 proinde
1306 548 1390 574 cer-

37 594 146 635 tiore
178 594 265 634 iam
297 608 370 647 spe
391 592 443 633 ad
475 591 760 632 resistendum
790 592 1090 645 ingruentibus
1112 593 1388 633 confirmatus

36 667 112 706 per
149 652 287 693 multa
324 651 571 692 discrimina
608 650 727 690 uenit
766 650 964 691 Tricasas
1005 650 1108 692 adeo
1147 651 1390 704 insperatus

0 721 18 757 jo
35 715 83 752 ut
116 725 164 752 eo
196 714 342 764 portas
375 724 508 764 paene
539 710 739 762 pulsante
761 709 939 750 diffusae
971 709 1263 750 multitudinis
1295 709 1390 749 bar-

36 769 163 811 barae
205 772 322 810 metu
363 769 502 809 aditus
543 767 662 808 urbis
704 782 792 809 non
833 768 923 809 sine
967 769 1093 809 anxia
1134 768 1390 822 panderetur

0 856 1 860 =
37 829 228 882 ambage.
291 828 329 869 8.
351 831 392 868 et
411 826 631 881 paulisper
653 830 843 868 moratus
865 826 964 868 dum
996 827 1181 881 fatigato
1203 826 1390 868 consulit

0 883 1 916 ³
36 887 178 941 militi,
210 887 431 928 ciuitatem
462 885 621 927 Remos
652 885 764 926 nihil
801 886 1105 939 prolatandum
1138 885 1390 926 existimans

34 946 156 1001 petit,
194 946 267 986 ubi
306 945 351 986 in
381 959 511 986 unum
545 947 853 999 congregatum
892 944 1126 985 exercitum
1162 943 1390 985 uehentem

34 1006 185 1047 mensis
233 1004 388 1045 cibaria
439 1004 623 1045 iusserat
672 1003 861 1058 opperiri
914 1003 1202 1058 praesentiam
1250 1017 1390 1043 suam:

35 1064 102 1105 0111
141 1063 414 1117 praesidebat
453 1062 644 1104 Vrsicini
686 1077 903 1104 successor
944 1062 1175 1103 Marcellus
1218 1064 1261 1102 et
1299 1061 1389 1114 ipse

34 1122 258 1164 Vrsicinus
299 1122 350 1163 ad
389 1137 520 1176 usque
554 1122 839 1175 expeditionis
879 1121 1007 1162 finem
1052 1134 1179 1175 agere
1222 1134 1390 1174 praece-

33 1184 132 1236 ptus
164 1181 299 1222 isdem
331 1181 375 1221 in
408 1181 526 1222 locis.
588 1180 627 1222 9.
647 1184 746 1234 post
766 1181 955 1221 uariatas
978 1181 1122 1234 itaque
1155 1178 1389 1220 sententias

34 1241 178 1294 plures
219 1254 314 1281 cum
351 1240 585 1293 placuisset
621 1254 696 1294 per
733 1240 892 1282 Decem
933 1252 1068 1293 pagos
1101 1238 1390 1279 Alamannam

36 1299 211 1353 adgredi
241 1298 424 1352 plebem,
456 1298 644 1339 densatis
678 1299 922 1352 agminibus
954 1297 1159 1338 tendebat
1190 1297 1294 1337 111110
1326 1311 1390 1337 so-

35 1358 115 1399 lito
137 1357 320 1399 alacrior
340 1358 476 1398 miles.
542 1358 606 1398 10.
628 1361 670 1398 et
703 1358 804 1411 quia
823 1357 912 1398 dies
940 1359 1132 1397 umectus
1155 1358 1196 1396 et
1217 1355 1390 1396 decolor

35 1417 103 1458 uel
149 1416 399 1470 contiguum
440 1416 649 1470 eripiebat
697 1419 934 1470 aspectum,
978 1416 1153 1456 iuuante
1197 1415 1389 1455 locorum

35 1476 292 1540 gnaritate
271 1475 418 1516 hostes
452 1475 627 1516 tramite
648 1475 825 1529 obliquo
846 1475 1038 1515 discurso
1071 1476 1171 1527 post
1191 1472 1386 1514 Caesaris

35 1537 160 1588 terga
191 1523 382 1588 leglones
422 1534 527 1574 duas
567 1549 687 1575 311113
725 1537 927 1588 cogentes
967 1532 1107 1574 adoiti
1150 1546 1283 1586 paene
1323 1531 1390 1572 de-

35 1594 209 1646 lessent,
251 1593 297 1633 ni
334 1593 478 1634 subito
524 1594 715 1634 concitus
761 1593 923 1634 clamor
968 1592 1184 1632 sociorum
1229 1590 1389 1631 auxilia

36 1652 259 1706 coegisset.
325 1652 390 1692 11.
408 1651 509 1692 111110
537 1653 615 1704 [01]
643 1652 793 1692 deinde
818 1666 895 1692 nec
928 1651 1085 1691 itinera
1116 1664 1191 1690 nec
1212 1649 1389 1690 flumina

35 1711 220 1752 transire
263 1724 388 1763 posse
433 1710 523 1751 sine
568 1711 736 1751 insidiis
781 1714 935 1764 putans
975 1713 1067 1750 erat
1104 1708 1308 1762 prouidus
1348 1711 1390 1748 et

36 1772 270 1822 cunctator,
301 1770 408 1821 quod
435 1770 699 1823 praecipium
731 1770 888 1811 bonum
929 1769 973 1809 in
1004 1769 1173 1822 magnis
1207 1766 1389 1808 ductori-

34 1829 114 1870 bus
135 1843 260 1882 opem
281 1827 392 1869 ferre
413 1828 524 1869 solet
545 1829 802 1869 exercitibus
825 1831 868 1869 et
889 1827 1085 1869 salutem.
1127 1827 1191 1867 12.
1213 1825 1388 1866 audiens

35 1887 181 1941 itaque
213 1887 566 1940 Argentoratum,
598 1887 923 1941 Brotomagum,
956 1886 1188 1938 Tabernas,
1234 1883 1389 1925 831180-

35 1961 145 1999 nem,
175 1945 380 1987 Nemetas
414 1949 456 1987 et
474 1945 726 2000 Vangionas
760 1949 803 1986 et
833 1945 1157 1999 Mogontiacum
1190 1943 1389 1983 ciuitates

36 2005 244 2046 bar-hams
276 2005 544 2058 possidentes
577 2005 797 2046 territoiia
819 2019 963 2044 earum
995 2003 1191 2044 habitare
1213 2025 1269 2030 —
1289 2015 1388 2042 nam

37 2063 131 2128 ipsa
169 2063 326 2117 oppida
365 2068 413 2104 ut
450 2064 713 2105 circumdata
750 2063 870 2104 retiis
909 2063 1037 2103 busta
1075 2061 1291 2102 declinant
1333 2085 1388 2089 —

37 2122 222 2176 primam
273 2123 464 2163 omnium
508 2122 822 2176 Brotomagum
866 2121 1093 2174 occupauit
1137 2121 1259 2174 eique
1303 2119 1388 2160 13111

127 2241 149 2271 4
173 2247 265 2280 coep
267 2237 298 2270 it
315 2236 382 2270 VA
431 2241 473 2271 14
491 2241 575 2280 post
601 2237 802 2271 uehentem
827 2237 895 2271 Ζαο.
914 2236 1044 2270 2012&
1071 2235 1104 2268 V
1125 2235 1192 2270 Iac.
1218 2238 1240 2268 4
1265 2234 1334 2269 litt.
1356 2233 1389 2267 G

37 2282 116 2316 sine
147 2282 214 2316 lac.
241 2281 277 2315 P
301 2281 462 2325 expleuit
491 2281 658 2317 Valesius
713 2286 753 2316 19
778 2279 1031 2316 alamanniam
1061 2279 1128 2313 VA
1183 2284 1225 2314 25
1251 2278 1388 2313 auxilio

42 2326 109 2360 VP
148 2330 191 2360 26
210 2327 248 2360 et
263 2326 332 2360 dez.
347 2326 501 2371 Lanjen
549 2331 591 2361 28
609 2326 707 2370 quod
724 2326 758 2360 G
774 2336 840 2360 om.
858 2326 971 2360 VPba
1021 2329 1064 2360 30
1079 2325 1301 2369 brotomago
1323 2323 1389 2357 VP

38 2370 244 2405 Salisonem
271 2370 304 2404 G
329 2371 486 2405 salisone
516 2371 550 2404 V
594 2375 637 2406 32
663 2382 789 2406 eorum
821 2371 926 2405 VPb
911 2382 955 2415 Ja
1005 2375 1048 2406 33
1074 2370 1207 2404 Lustra
1229 2371 1266 2402 A
