1573 2508
113 121 167 164 38
633 108 738 144 xnn
765 111 817 150 11,
844 108 954 140 7—15
1553 0 1573 182 ἶ

115 213 354 263 introisset,
393 210 437 249 in
468 206 655 248 statione
695 216 803 256 quae
836 199 1000 242 Caenos
1033 198 1280 240 Gallicanos
1314 195 1458 250 appel·
1568 187 1573 227 J

116 275 243 326 latur,
275 269 503 320 absumpta
537 266 603 305 est
633 262 678 304 ui
709 260 894 302 febrium
926 257 1161 312 repentina.
1210 255 1327 297 cuius
1359 257 1460 308 post
1564 234 1573 258 ⁷³

116 333 283 374 obitum
328 326 507 368 maritus
546 319 842 374 contemplans
888 316 1090 358 cecidisse
1134 314 1332 355 fiduciam
1376 326 1461 366 qua
1571 306 1573 310 ⁴

118 406 161 432 se
195 389 350 430 fultum
382 381 671 431 existimabat,
704 377 829 420 anxia
863 375 1138 429 cogitatione,
1170 371 1271 426 quid
1292 370 1460 412 molire·
1566 321 1573 424 1

118 454 187 490 tur
207 445 426 488 haerebat.
478 442 514 482 7.
535 441 647 481 inter
668 452 734 479 res
755 436 868 478 enim
889 433 1102 488 inpeditas
1130 434 1173 473 et
1192 429 1387 472 turbidas
1408 428 1462 470 ad
1480 438 1497 464 5
1570 434 1573 457 ⁴

118 509 199 549 hoc
243 518 373 547 unum
417 502 602 542 mentem
647 495 878 537 sollicitam
921 491 1155 545 dirigebat,
1199 488 1311 543 quod
1355 486 1463 529 Oon-
1570 501 1573 538 ᾗ

119 565 306 608 stantius
352 564 503 604 cuncta
549 557 602 598 ad
646 569 767 597 suam
818 551 1077 593 sententiam
1120 548 1342 590 conferens
1386 559 1464 587 nec
1572 550 1573 554 ’

119 621 459 667 satisfactionem
493 615 699 669 suscipiet
725 612 915 666 aliquam
948 623 1022 650 nec
1064 607 1217 649 erratis
1257 606 1464 659 ignoscet,
1569 607 1573 648 ζ

122 683 207 737 sed,
238 684 286 723 ut
306 682 399 721 erat
424 678 469 718 in
500 670 836 730 propinquitatis
857 667 1090 723 perniciem
1115 664 1374 712 inclinatior,
1406 663 1465 704 la·
1570 672 1573 706 j

123 755 254 797 queos
299 739 336 779 ei
382 737 567 778 latenter
612 729 866 779 obtendens,
916 727 952 768 si
1003 725 1186 779 cepisset
1235 723 1466 773 incautum,
1487 730 1519 756 ιο
1570 709 1573 755 s

123 802 260 842 morte
292 796 509 838 multaret.
560 792 597 834 8.
619 805 668 832 eo
700 786 970 830 necessitatis
1004 784 1208 826 adductus
1229 781 1466 834 ultimaque

123 860 169 901 ni
211 856 441 911 uigilasset
485 850 730 905 opperiens,
773 845 1009 901 principem
1053 842 1213 893 locum,
1263 839 1300 880 si
1344 837 1468 891 copia

124 917 338 972 patuisset
359 913 523 967 [quam]
546 907 802 956 adfectabat,
836 903 909 945 sed
929 900 1151 956 perfidiam
1177 897 1470 953 proximorum

125 976 292 1018 ratione
335 970 493 1013 bifaria
538 967 787 1015 uerebatur,
832 962 904 1017 qui
949 975 1045 1002 eum
1088 962 1136 1001 ut
1179 956 1471 999 truculentum

124 1034 361 1076 horrebant
393 1032 436 1071 et
466 1029 617 1075 leuem,
650 1024 804 1079 quique
838 1020 1036 1062 altiorem
1069 1015 1313 1059 Constantii
1339 1014 1472 1055 fortu-
1492 1021 1525 1048 15

126 1107 227 1135 nam
266 1091 311 1132 in
342 1086 566 1130 discordiis
600 1083 799 1125 ciuilibus
837 1078 1141 1120 formidabant.
1190 1075 1229 1116 9.
1256 1074 1367 1115 inter
1392 1071 1471 1112 has

128 1164 339 1202 curarum·
358 1147 492 1189 moles
525 1145 741 1185 inmensas
774 1136 1046 1192 imperatoris
1081 1135 1241 1188 scripta
1274 1130 1473 1184 suscipie-

127 1212 204 1252 bat
236 1207 414 1250 adsidua
446 1201 660 1245 monentis
694 1197 960 1250 orantisque,
992 1198 1040 1236 ut
1072 1193 1124 1235 ad
1157 1207 1200 1233 se
1233 1190 1400 1232 ueniret
1431 1190 1475 1229 et

128 1270 271 1310 mente
308 1261 590 1306 monstrantis
630 1258 805 1312 obliqua
842 1270 932 1296 rem
973 1252 1191 1307 publicam
1228 1262 1306 1290 nec
1349 1259 1475 1302 posse

130 1326 263 1369 diuidi
300 1338 377 1365 nec
415 1322 585 1371 debere,
625 1318 697 1359 sed
736 1330 812 1370 pro
851 1313 1014 1355 uiribus
1048 1323 1256 1365 quemque
1289 1307 1329 1348 ei
1366 1305 1476 1346 ferre
1495 1314 1529 1339 20

131 1384 350 1440 suppetias
384 1378 619 1430 fluctuanti,
650 1375 854 1417 nimirum
873 1371 1114 1414 Galliarum
1135 1367 1327 1409 indicans
1348 1363 1478 1406 uasti-

131 1448 279 1486 tatem.
332 1440 398 1481 10.
418 1438 570 1493 quibus
592 1433 844 1476 subserebat
863 1445 947 1471 non
967 1429 1071 1471 adeo
1092 1430 1216 1468 uetus
1237 1422 1479 1476 exemplum

136 1502 247 1558 quod
278 1497 550 1542 Diocletiano
584 1498 626 1536 et
659 1493 746 1534 eius
781 1490 974 1543 collegae
1007 1490 1053 1528 ut
1086 1483 1354 1539 apparitores
1379 1478 1480 1522 Cae-

136 1575 253 1603 sares
292 1573 378 1600 non
409 1555 582 1607 resides,
615 1552 686 1594 sed
718 1551 832 1592 ultro
866 1548 1058 1600 citroque
1091 1543 1375 1585 discurrentes
1407 1538 1480 1580 ob-

135 1617 437 1673 temperabant
469 1617 512 1655 et
543 1614 585 1654 in
607 1610 733 1665 Syria
766 1605 952 1661 Augusti
984 1602 1228 1645 uehiculum
1255 1596 1480 1641 irascentis
1500 1604 1534 1632 ²⁵

136 1693 212 1733 per
244 1676 431 1731 spatium
463 1671 582 1713 mille
616 1681 820 1724 passuum
851 1666 938 1706 fere
972 1662 1098 1716 pedes
1119 1663 1395 1713 antegressus
1416 1656 1483 1696 est

137 1736 335 1778 Galerius
367 1732 641 1787 purpuratus.

259 1794 324 1835 11.
344 1789 532 1833 Aduenit
551 1791 650 1842 post
671 1785 830 1827 multos
852 1780 1022 1824 Scudilo
1035 1776 1330 1820 Scutariorum
1351 1772 1484 1814 tribu-

138 1868 218 1896 nus
250 1852 493 1894 uelamento
527 1843 793 1900 subagrestis
827 1839 987 1894 ingenii
1019 1833 1308 1891 persuasionis
1342 1830 1485 1885 opifex

141 1911 335 1954 callidus.
403 1907 476 1962 qui
515 1920 609 1947 eum
649 1900 857 1946 adulabili
896 1910 1091 1939 sermone
1130 1892 1252 1934 seriis
1295 1888 1485 1932 admixto
1505 1897 1538 1923 80

144 1971 259 2012 solus
281 1967 472 2010 omnium
506 1962 717 2018 proficisci
750 1957 929 2014 pellexit
962 1954 1084 1996 uultu
1105 1949 1364 1994 adsimulato
1398 1959 1487 1988 sae-

143 2029 238 2083 pius
284 2023 528 2080 replicando
574 2021 685 2076 quod
730 2015 1015 2072 flagrantibus
1055 2011 1166 2053 uotis
1206 2022 1301 2049 eum
1346 2004 1488 2047 uidere

144 2088 277 2129 frater
298 2086 470 2138 cuperet
491 2079 710 2135 patruelis,
731 2075 869 2130 siquid
891 2087 965 2128 per
986 2067 1302 2124 inprudentiam
1319 2064 1489 2118 gestum

238 2217 279 2247 10
304 2211 338 2245 ei
363 2210 425 2253 bya
453 2209 491 2241 et
521 2205 553 2239 V
644 2208 683 2238 13
710 2213 822 2246 quam
853 2197 988 2234 deleuit
1021 2193 1197 2239 Eyssenh.
1247 2192 1352 2234 siqua
1383 2187 1492 2231 copia.

176 2257 333 2293 atuisset
357 2259 537 2295 tran-spos.
565 2249 614 2294 G)
664 2251 706 2282 14
731 2245 931 2280 uerebatur
954 2242 989 2276 A
1014 2238 1203 2274 ferebatur
1264 2234 1322 2269 Pb
1345 2232 1490 2267 desere-

149 2271 260 2337 liatur
286 2300 319 2335 (ι’
411 2302 454 2332 24
485 2295 624 2330 resides
655 2293 674 2327 b
699 2303 722 2325 a
754 2288 931 2324 resedisse
968 2284 1001 2318 V
1088 2286 1131 2317 ‘25
1163 2282 1201 2316 et
1226 2279 1297 2314 GA
1329 2287 1375 2312 en
1405 2274 1494 2310 VPb

150 2351 194 2382 28
218 2345 354 2380 multos
379 2340 528 2377 Scudilo
549 2339 582 2374 G
608 2349 670 2371 mu
688 2338 726 2370 to
750 2332 940 2369 scudiculo
963 2329 1030 2364 VP
1076 2332 1118 2362 30
1142 2324 1253 2371 petiis
1283 2321 1350 2357 VP
1396 2323 1438 2355 33
1463 2318 1495 2353 si

151 2390 242 2436 quid
267 2388 454 2430 Kiessliny
479 2383 569 2429 quid
600 2382 666 2416 VP
691 2377 873 2425 quidquid
899 2373 1074 2420 Eyssenh.
