1573 2508
102 111 130 153 8
617 109 722 144 xlm
748 113 778 152 1,
807 112 927 152 10—‘2‚
954 112 974 143 6

102 203 283 258 quisque
316 203 506 244 sentiret.
568 207 611 244 et
642 203 747 244 haec
780 203 1040 244 confidenter
1077 202 1237 257 agebat
1268 202 1312 243 in
1343 202 1447 243 urbe

100 261 174 303 ubi
223 262 566 315 pernoctantium
617 261 826 302 luminum
876 260 1084 302 claritudo
1128 260 1292 301 dierum
1336 261 1449 302 solet

101 320 265 361 imitari
303 320 798 373 ful‹r0rem.post1emo
832 319 1004 374 agnitus
1037 333 1164 372 saepe
1195 319 1378 374 iamque,
1411 319 1447 360 si

101 378 331 431 prodisset,
370 378 646 431 conspicuum
685 393 728 419 se
768 379 859 419 fore
892 377 1207 431 contemplans,
1246 391 1333 419 non
1362 377 1447 419 nisi

100 436 192 477 luce
225 436 370 489 palam
409 436 631 490 egiediens
671 437 723 478 ad
763 436 929 491 agenda
967 451 1074 490 quae
1112 436 1295 489 putabat
1335 436 1483 478 seria⁵

100 494 366 536 cernebatur.
410 497 452 535 et
483 495 589 536 haec
610 495 779 549 quidem
812 495 1062 536 medullitus
1094 495 1244 536 multis
1277 507 1447 549 gemen-

98 552 214 594 tibus
247 553 498 607 agebantur.

220 611 285 652 10.
318 611 572 653 Thalassius
591 626 691 653 uero
714 627 763 653 ea
784 615 1042 666 tempestate
1068 612 1309 665 praefectus
1330 626 1446 666 prae-

98 669 211 711 torio
253 685 455 723 praesens
494 671 585 723 ipse
625 684 792 725 quoque
831 670 1081 725 adrogantis
1127 670 1307 724 ingenii,
1351 685 1445 712 con-

99 728 292 769 siderans
337 729 636 769 incitationem
681 728 771 770 eius
811 729 863 770 ad
902 730 1133 770 multorum
1172 729 1321 782 augeri
1363 729 1445 770 dis·
1466 742 1500 766 10

98 787 296 839 crimina,
341 802 426 827 non
465 787 715 828 maturitate
759 787 827 828 uel
872 787 1063 829 consiliis
1109 788 1358 841 mitigabat,
1402 791 1447 828 ut

99 844 360 899 aliquotiens
399 845 539 886 celsae
571 849 810 900 potestates
849 846 935 887 iras
974 846 1214 900 principum
1252 846 1446 887 molliue-

98 907 215 957 rrmt,
260 903 334 944 sed
371 904 636 945 aduersando
677 905 971 959 iurgandoque
1015 919 1111 945 cum
1153 919 1306 958 parum
1351 919 1446 946 con-

97 965 288 1016 grueret,
327 977 423 1003 eum
464 963 516 1003 ad
549 963 713 1004 rabiem
745 964 889 1017 potius
922 963 1166 1015 euibrabat,
1198 962 1444 1017 Augustum

98 1023 218 1061 actus
252 1020 342 1062 eius
376 1022 677 1075 exaggerando
711 1022 966 1063 creberrime
999 1022 1172 1075 docens,
1211 1022 1354 1076 idque,
1387 1023 1444 1063 in-
1466 1035 1501 1060 15

97 1082 259 1120 certum
292 1094 375 1133 qua
408 1082 565 1132 mente,
597 1095 648 1122 ne
682 1080 837 1122 lateret
869 1080 1101 1122 adfectans.
1160 1080 1314 1134 quibus
1347 1095 1445 1121 mox

97 1136 256 1178 Caesar
295 1138 434 1179 acrius
473 1138 691 1192 efferatus,
736 1139 855 1180 uelut
893 1139 1187 1180 contumaciae
1233 1138 1444 1193 quoddam

95 1195 304 1237 uexillum
336 1196 466 1237 altius
500 1198 689 1251 erigens,
727 1198 818 1238 sine
850 1199 1047 1251 respectu
1085 1197 1239 1239 salutis
1279 1197 1445 1238 alienae

95 1255 164 1295 uel
211 1269 312 1296 suae
352 1255 404 1296 ad
444 1256 650 1297 uertenda
688 1256 888 1310 opposita
919 1256 1057 1297 instar
1087 1255 1226 1310 rapidi
1257 1255 1445 1297 fluminis

95 1313 377 1354 inreuocabili
409 1314 574 1367 impetu
607 1315 836 1356 ferebatur.
1464 1329 1500 1356 20

216 1369 258 1412 ⁶2.
284 1373 319 1412 1.
334 1371 425 1413 Nec
441 1387 543 1413 sane
559 1373 664 1414 haec
686 1373 780 1414 sola
795 1373 1004 1426 pernicies
1032 1373 1241 1414 orientem
1263 1373 1443 1414 diuersis

94 1429 287 1471 cladibus
321 1430 569 1485 adfligebat.
613 1446 796 1485 namque
830 1435 872 1472 et
904 1431 1055 1485 Isauri,
1088 1431 1242 1485 quibus
1263 1434 1329 1472 est
1360 1432 1443 1472 usi-

93 1491 234 1529 tatum
285 1503 411 1542 saepe
475 1490 620 1543 pacari
684 1504 894 1544 saepeque
957 1489 1143 1543 inopinis
1195 1490 1443 1531 excursibus

94 1549 247 1587 cuncta
280 1547 471 1596 miscere,
504 1563 554 1589 ex
588 1549 828 1590 latrociniis
862 1548 1040 1589 occultis
1074 1551 1117 1589 et
1148 1548 1269 1601 raris,
1301 1548 1443 1590 alente

94 1605 336 1659 inpunitate
376 1606 691 1648 adulescentem
730 1608 774 1648 in
811 1607 931 1660 peius
969 1607 1192 1648 audaciam
1231 1607 1282 1648 ad
1327 1607 1443 1649 bella
1463 1617 1500 1643 25

94 1663 246 1717 grauia
291 1668 594 1719 prorupemult,
645 1666 716 1707 diu
761 1666 931 1719 quidem
979 1665 1219 1718 perduelles
1265 1665 1443 1720 spiritus

101 1722 336 1776 nrequietis
377 1724 567 1765 motibus
607 1725 841 1779 erigentes,
880 1724 959 1764 hac
998 1728 1144 1765 tamen
1183 1723 1442 1778 indignitate

91 1781 246 1834 perciti
280 1781 571 1835 uehementer,
610 1785 657 1824 ut
689 1783 965 1834 nictit-abant,
1005 1782 1115 1836 quod
1148 1797 1295 1824 eorum
1328 1782 1443 1837 capti

92 1839 266 1892 quidam
308 1843 527 1882 consortes
567 1841 678 1895 apud
711 1841 903 1882 Iconium
936 1840 1124 1882 Pisidiae
1163 1840 1366 1895 oppidum
1398 1841 1442 1882 in

91 1897 446 1951 amphitheatrali
486 1900 730 1953 spectaculo
769 1900 870 1941 feris
908 1899 1247 1953 praedatricibus
1280 1899 1435 1941 obiecti
1462 1911 1497 1936 80

93 1959 191 1996 sunt
211 1958 381 2009 praeter
401 1972 575 1999 morem.
637 1959 675 2000 2.
697 1962 838 2012 atque,
871 1961 917 1998 ut
938 1957 1106 1999 Tullius
1127 1958 1205 2011 ait,
1237 1961 1285 2000 ut
1304 1958 1436 2000 etiam

183 2121 197 2150 1
226 2117 381 2160 quisque
408 2128 472 2153 om,
500 2119 564 2158 rba
634 2120 683 2153 5
708 2119 830 2153 lucem
862 2118 957 2153 V’P
981 2119 1064 2153 luce
1096 2119 1126 2151 V
1134 2120 1146 2141 ²
1216 2122 1236 2152 6
1261 2118 1389 2152 multis
1408 2118 1442 2152 G

91 2131 251 2195 multum
283 2161 395 2196 Vl’ba
488 2166 508 2196 8
534 2135 748 2197 Talnlassius
782 2163 815 2197 (r
847 2163 1030 2197 thalassus
1067 2163 1179 2198 VPba
1273 2168 1311 2197 11
1338 2164 1382 2197 ut
1407 2162 1442 2196 G

89 2215 156 2241 om.
183 2205 286 2242 codd.
368 2210 407 2240 14
434 2217 517 2240 eum
543 2217 610 2241 om.
643 2208 676 2240 G
769 2207 815 2241 ad
840 2208 963 2259 Prbya
989 2207 1035 2242 ab
1066 2207 1099 2241 V
1183 2211 1223 2241 16
1248 2207 1382 2252 quibus
1407 2206 1441 2242 G·

89 2249 224 2294 quibus
250 2252 291 2283 nt
323 2250 437 2285 VI'ba
533 2255 571 2285 19
597 2262 644 2285 01
660 2252 770 2286 ³0sita
793 2263 925 2295 scr-msc
949 2252 1008 2294 (cs.
1036 2219 1274 2295 16‚12‚46q)
1305 2261 1439 2296 suppo-

90 2294 162 2328 sita
187 2295 288 2332 codd
349 2300 390 2329 24
417 2307 459 2329 cx
489 2296 521 2329 G
547 2298 585 2330 ct
633 2296 725 2329 ’ba
784 2301 826 2331 ⁶2ss
852 2298 1105 2341 proruperunt
1130 2297 1163 2331 G
1188 2296 1441 2341 perrupeiunt

91 2338 207 2418 ἕῖΡὸα
276 2344 318 2374 27
344 2340 508 2374 motibus
533 2360 574 2365 —-
601 2346 643 2374 28
668 2341 801 2384 perciti
827 2341 922 2375 uehe
948 2340 1035 2376 add.
1065 2341 1121 2375 Vm
1204 2345 1245 2377 31
1275 2340 1350 2378 Cic.
1369 2349 1440 2384 pro

139 2384 262 2418 ucuteo
287 2388 346 2427 25,
373 2388 426 2418 67.
