1614 2549
344 66 683 102 CONSTANTIVS
708 66 770 102 ΕΤ
793 67 1024 103 IVLIANVS
1050 72 1114 104 358
1329 69 1410 112 125

57 166 153 204 111111
189 164 412 215 promotus
449 161 677 215 magister,
714 161 897 216 ignauus
937 162 1010 203 sed
1048 163 1192 204 uerbis
1225 163 1409 218 effusior,

60 219 282 262 alacritate
313 219 503 260 militum
534 219 812 262 uehementer
843 223 985 262 erecta
1021 223 1260 275 prostrauit
1297 237 1409 264 acer-

59 279 167 320 rime
197 277 371 330 multos,
403 277 466 319 ita
496 280 546 320 ut
564 279 721 332 exigua
751 280 909 333 portio,
942 294 1049 334 quae
1080 281 1261 334 periculi
1291 284 1410 322 metu

59 352 104 378 se
135 336 251 377 dedit
280 336 327 377 in
356 335 516 390 fugam,
549 350 675 391 aegre
713 337 880 391 dilapsa
916 338 1029 379 lares
1069 353 1168 380 suos
1199 354 1286 381 non
1316 340 1408 381 sine

23 408 41 435 5
58 394 250 437 lacrimis
269 395 477 436 reuiseret
503 398 546 437 et
565 395 780 437 lamentis.
841 396 880 437 3.
912 396 1010 438 111110
1030 410 1198 451 pugnae
1217 398 1260 440 N
1263 399 1410 453 euitta,

57 456 211 508 postea
230 453 392 507 consul,
412 455 623 508 equestris
648 454 920 508 praepositus
950 458 1127 509 turmae,
1161 461 1203 498 et
1223 457 1409 499 adfuisse

59 515 103 554 et
133 511 308 554 fortiter
338 512 490 554 fecisse
522 513 730 554 firmatur.

181 570 223 612 7.
242 572 278 612 1.
292 570 434 612 Isdem
454 571 604 612 diebus
630 575 770 613 terrae
791 575 934 613 motus
954 572 1156 614 horrendi
1175 589 1251 628 per
1271 574 1410 616 Mace—

59 630 232 671 doniam
264 629 499 684 Asiamque
532 633 575 671 et
594 630 781 672 Pontum
814 631 1002 672 adsiduis
1034 632 1231 686 pulsibus
1253 633 1420 687 oppida

7 702 42 728 10
60 688 200 729 multa
219 691 523 730 concusserunt
543 692 585 730 et
606 693 785 731 montes.
835 690 948 731 inter
968 695 1246 733 monumenta
1265 694 1411 733 tamen

59 746 392 788 multiformium
431 762 731 790 aerumnarum
772 748 988 791 eminuere
1019 749 1295 792 Nicomediae
1328 751 1411 792 cla-

60 805 146 860 des,
178 805 408 860 Bithyniae
428 807 600 848 urbium
627 808 791 861 matris,
824 808 941 848 cuius
961 809 1182 849 ruinarum
1209 813 1411 850 euentum

60 878 160 905 uere
190 864 464 919 breuiterque
497 866 732 907 absoluam.

178 923 217 964 2.
248 923 394 965 Primo
433 924 540 965 lucis
579 928 729 966 exortu
761 925 873 965 diem
910 940 1070 967 nonum
1103 926 1186 967 kal.
1220 925 1411 980 Septem-

6 995 41 1021 15
59 982 201 1023 brium
234 983 423 1023 concreti
440 983 618 1024 nubium
650 984 771 1037 globi
790 984 1058 1038 nigrantium
1090 985 1252 1026 laetam
1282 985 1410 1039 paulo

61 1044 160 1082 ante
182 1041 290 1082 caeli
322 1042 506 1095 speciem
527 1042 808 1084 confuderunt
828 1046 871 1083 et
893 1043 1119 1085 amendato
1147 1044 1251 1085 solis
1273 1044 1410 1097 splen-

60 1100 159 1141 dore
191 1114 269 1140 nec
301 1100 505 1154 contigua
542 1101 613 1141 uel
647 1101 845 1154 adposita
877 1102 1177 1143 cernebantur:
1218 1103 1281 1143 ita
1317 1117 1412 1143 ocu-

0 1190 1 1209 3
60 1158 200 1199 lorum
232 1158 387 1199 obtutu
423 1160 680 1212 praestricto
718 1159 847 1201 humo
886 1161 1106 1202 inuolutus
1147 1175 1315 1202 crassae
1348 1175 1412 1201 ca-

0 1214 1 1250 3
60 1217 209 1270 liginis
243 1218 416 1272 squalor
447 1218 615 1259 insedit.
678 1219 717 1260 3.
749 1219 847 1260 dein
878 1219 997 1260 uelut
1038 1220 1211 1260 numine
1245 1233 1410 1260 summo

7 1290 42 1315 20
61 1275 217 1317 fatales
251 1279 558 1330 contorquente
591 1278 816 1318 manubias
848 1282 1083 1332 uentosque
1117 1279 1169 1319 ab
1208 1278 1313 1332 ipsis
1347 1293 1412 1319 ex-

62 1334 221 1376 citante
255 1335 498 1376 cardinibus
531 1335 784 1389 magnitudo
826 1336 1061 1378 furentium
1093 1337 1289 1378 incubuit
1319 1351 1414 1390 pro-

62 1393 280 1446 cellarum,
317 1394 434 1434 cuius
468 1394 617 1448 inpetu
647 1395 870 1448 pulsorum
902 1395 1071 1437 auditus
1105 1398 1170 1437 est
1202 1395 1412 1437 montium

62 1452 248 1506 gemitus
270 1455 312 1493 ct
333 1452 428 1493 elisi
460 1453 602 1494 litoris
634 1453 796 1507 fragor,
827 1453 1016 1508 haecque
1044 1454 1179 1495 secuti
1199 1454 1412 1508 typhones

63 1512 190 1564 atque
228 1514 442 1564 presteres
482 1526 576 1552 011111
608 1512 810 1554 horrifico
843 1516 1029 1554 tremore
1067 1517 1282 1554 terrarum
1314 1513 1415 1554 01111-

8 1583 43 1610 25
61 1571 197 1610 tatem
236 1572 278 1610 01
316 1570 561 1611 suburbana
598 1570 790 1612 funditus
830 1574 1088 1613 euerterunt.
1154 1572 1195 1613 4.
1233 1575 1276 1612 et
1314 1586 1415 1626 quo-

61 1627 178 1669 niam
211 1628 460 1670 adcliuitate
492 1629 668 1670 collium
707 1629 831 1671 aedes
876 1631 1103 1685 pleraeque
1149 1630 1414 1672 deueheban-

62 1690 145 1740 tur,
172 1687 280 1728 aliae
302 1702 428 1740 super
449 1688 556 1729 alias
578 1688 860 1730 concidebant
879 1689 1229 1744 reclangentibus
1250 1689 1413 1730 cunctis

64 1746 207 1787 sonitu
226 1746 449 1787 ruinarum
470 1747 680 1788 inmenso.
731 1747 844 1788 inter
865 1762 972 1802 quae
994 1748 1255 1790 clamoribus
1281 1748 1413 1789 uariis

64 1804 179 1846 celsa
228 1805 416 1846 culmina
464 1805 736 1847 resultabant
780 1807 1117 1860 quaeritantium
1168 1807 1416 1860 coniugium

10 1877 46 1902 30
65 1863 307 1917 liberosque
341 1866 383 1904 et
416 1864 556 1918 siquid
586 1865 923 1906 necessitudines
957 1868 1075 1906 artae
1102 1865 1416 1918 constringunt.

65 1921 104 1963 5.
117 1925 216 1975 post
234 1921 388 1963 horam
402 1923 581 1977 denique
603 1924 842 1976 secundam,
862 1924 999 1965 multo
1015 1928 1114 1965 ante
1135 1925 1322 1975 tertiam,
1343 1938 1415 1964 aer

66 1979 151 2021 iam
185 1980 312 2022 sudus
335 1984 376 2022 et
407 1981 594 2035 liquidus
627 1982 812 2023 latentes
833 1983 988 2023 retexit
1021 1983 1214 2024 funereas
1237 1985 1417 2035 strages.

157 2129 177 2159 4
202 2126 241 2158 in
268 2125 301 2159 G
325 2135 392 2161 om
423 2126 536 2160 VPba
583 2126 678 2160 lares
704 2126 835 2169 scripsi
860 2137 917 2161 res
942 2126 1045 2161 codd
1124 2131 1143 2161 5
1174 2125 1322 2160 neuitta
1345 2126 1418 2160 ΑΡ

67 2169 195 2204 neuita
224 2169 291 2205 VG
383 2175 424 2204 22
450 2171 594 2215 impetu
619 2171 699 2205 Pha
733 2171 886 2215 inpectu
917 2171 949 2204 Ῐ
1032 2172 1102 2206 ss:3⁶3
1128 2171 1289 2216 gemitus
1318 2171 1357 2213 b;
1390 2171 1422 2204 V

68 2214 236 2259 haecque
268 2216 386 2250 secuti
408 2216 445 2250 A
467 2215 634 2259 haecque
666 2226 791 2250 30011111
822 2216 855 2249 V
876 2227 1016 2260 aqueus
1047 2227 1131 2250 cum
1158 2216 1191 2250 G
1287 2219 1330 2251 26
1356 2217 1418 2250 ad-

70 2259 222 2294 ciuitate
253 2259 321 2294 VP
379 2259 664 2295 deuehebantur
687 2260 818 2304 scripsi
843 2261 1078 2295 uehebantur
1102 2261 1206 2296 codd
1261 2264 1304 2295 30
1335 2272 1418 2296 con-

70 2303 220 2349 stringit
243 2304 277 2339 G
324 2305 617 2340 necessitudines
633 2305 768 2350 Haupt
784 2306 1069 2340 necessitudinis
1087 2306 1190 2341 codd.
1238 2310 1280 2340 31
1299 2306 1419 2340 multo

70 2348 173 2383 codd.
204 2359 278 2383 non
310 2350 428 2384 multo
458 2350 507 2383 E
495 2351 633 2395 Jssewh
726 2354 768 2385 32
799 2350 1003 2395 reliquidus
1040 2351 1107 2386 VP
1198 2352 1323 2396 tra-ges
1353 2350 1420 2385 VP
