1614 2549
387 59 725 96 CONSTANTIVS
750 60 812 95 ΕΤ
836 59 1068 95 IVLIANVS
1094 64 1158 97 357
1375 62 1454 104 119

225 155 289 196 12.
328 154 387 196 Et
425 154 526 208 quia
565 153 787 196 sufflantes
822 154 1065 196 adulatores
1105 169 1154 196 ex
1193 168 1311 196 more
1344 153 1452 197 Gon-

105 213 311 254 stantium
350 212 393 254 id
432 213 523 254 sine
562 212 688 254 modo
728 213 978 267 strepebant
1016 213 1145 268 quod,
1190 227 1287 255 cum
1327 213 1452 255 Octa—

103 272 253 313 uianus
274 270 498 326 Augustus
532 271 743 313 obeliscos
776 271 881 313 duos
914 272 967 313 ab
990 271 1319 327 Heliopolitana
1351 273 1451 314 ciui-

102 332 192 372 tate
233 329 528 372 transtulisset
571 329 808 385 Aegyptia,
860 345 1041 385 quorum
1085 345 1194 372 unus
1238 331 1283 372 in
1326 329 1450 373 Circo

65 402 82 428 5
103 388 308 442 maximo,
353 389 464 430 alter
506 389 551 430 in
595 387 757 443 Campo
802 389 968 430 locatus
1014 393 1080 430 est
1117 390 1296 444 Martio,
1337 389 1450 432 hunc

101 461 247 488 recens
274 447 500 489 aduectum
533 447 787 495 difficultate
820 448 1132 502 magnitudinis
1164 449 1342 491 territus
1372 464 1450 491 nec

100 508 364 547 contrectare
386 521 514 547 ausus
535 509 602 548 est
619 520 697 548 nec
717 520 903 560 mouere,
935 506 1103 548 discant
1129 507 1203 561 qui
1235 507 1449 562 ignorant,

99 567 288 606 ueterem
319 564 558 619 principem
589 565 814 606 translatis
842 565 1060 620 aliquibus
1093 565 1205 607 hunc
1238 566 1450 608 intactum

99 623 193 664 ideo
225 624 494 677 praeterisse,
527 623 641 678 quod
672 624 763 665 Deo
797 623 889 665 Soli
921 624 1099 678 speciali
1131 638 1306 665 munere
1338 624 1450 666 dedi-

45 695 79 721 10
99 685 218 723 catus
256 681 449 737 fixusque
488 683 603 723 intra
642 683 863 724 ambitiosi
901 683 1054 737 templi
1098 682 1295 735 delubra,
1341 697 1448 738 quae

98 741 292 795 contingi
328 755 415 782 non
452 744 670 795 poterant,
708 745 930 796 tamquam
970 756 1076 795 apex
1116 742 1308 783 omnium
1349 742 1449 783 emi-

97 800 238 841 nebat.
274 800 339 841 13.
360 815 510 841 uerum
525 799 834 842 Constantinus
855 801 897 841 id
917 801 1040 854 parui
1061 801 1230 854 ducens,
1251 801 1449 842 auulsam

97 858 206 899 hanc
238 859 396 900 molem
434 859 606 900 sedibus
640 860 728 900 suis
767 859 961 913 nihilque
1000 859 1271 901 committere
1310 860 1356 900 in
1387 874 1448 900 re-

97 917 304 971 ligionem
324 920 438 958 recte
460 918 724 971 existimans,
758 919 793 959 si
821 918 1015 959 ablatum
1035 932 1119 958 uno
1141 918 1303 972 templo
1324 918 1450 960 mira-

43 988 77 1014 15
98 976 241 1017 culum
261 974 423 1017 Romae
456 980 655 1031 sacraret,
687 977 729 1018 id
762 979 827 1018 est
859 977 904 1017 in
935 976 1099 1030 templo
1121 977 1268 1018 mundi
1300 977 1447 1031 totius,

96 1035 232 1076 iacere
265 1034 338 1076 diu
368 1049 596 1089 perpessus
630 1038 706 1090 est,
739 1035 840 1076 dum
878 1035 1155 1076 translationi
1192 1038 1447 1089 pararentur

95 1093 234 1134 utilia.
308 1107 391 1148 quo
436 1098 641 1136 conuecto
684 1109 761 1148 per
813 1095 984 1135 alueum
1028 1093 1122 1134 Nili
1171 1094 1446 1148 proiectoque

94 1151 401 1206 Alexandriae,
457 1153 581 1194 nauis
632 1152 927 1206 amplitudinis
978 1152 1158 1193 antehac
1214 1152 1447 1194 inusitatae

96 1211 319 1252 aedificata
334 1214 398 1252 est
413 1211 490 1252 sub
506 1212 708 1253 trecentis
724 1212 960 1266 remigibus
976 1211 1191 1266 agitanda.
1210 1211 1275 1253 14.
1289 1211 1445 1266 quibus

41 1283 76 1308 20
95 1270 158 1311 ita
177 1270 363 1324 prouisis
397 1270 675 1325 digressoque
695 1271 788 1312 uita
807 1270 998 1324 principe
1019 1272 1258 1311 memorato
1286 1283 1444 1324 urgens

95 1329 268 1370 effectus
307 1328 512 1382 intepuit,
549 1330 806 1384 tandemque
844 1343 939 1370 sero
978 1329 1192 1383 inpositus
1231 1329 1332 1369 naui
1370 1343 1446 1383 per

94 1388 233 1429 maria
275 1387 520 1442 fluentaque
563 1388 753 1429 Tibridis
798 1388 918 1429 uelut
968 1388 1166 1441 pauentis
1210 1401 1280 1441 ne,
1332 1387 1445 1442 quod

92 1461 228 1501 paene
260 1446 435 1500 ignotus
468 1446 646 1488 miserat
677 1446 822 1500 Nilus,
853 1447 945 1501 ipse
977 1461 1130 1500 parum
1164 1446 1242 1487 sub
1276 1448 1443 1487 meatus

94 1506 160 1546 sui
192 1505 437 1546 discrimine
469 1506 694 1547 moenibus
728 1506 914 1546 alumnis
947 1505 1144 1559 inferret,
1178 1505 1367 1546 defertur
1400 1506 1446 1546 in

38 1575 74 1602 25
93 1564 237 1605 uicum
256 1563 504 1618 Alexandri,
523 1565 652 1606 tertio
673 1564 814 1618 lapide
835 1564 887 1606 ab
910 1565 1014 1605 urbe
1038 1564 1289 1605 seiunctum.
1333 1563 1444 1605 unde

93 1622 330 1664 chamulcis
367 1623 581 1677 inpositus
619 1626 868 1678 tractusque
908 1623 1047 1664 lenius
1086 1637 1161 1677 per
1200 1621 1445 1664 Ostiensem

92 1684 264 1736 portam
284 1681 579 1737 piscinamque
598 1682 817 1736 publicam
833 1681 957 1723 Circo
977 1682 1140 1723 inlatus
1162 1683 1227 1722 est
1242 1681 1444 1722 maximo.

96 1740 161 1782 15.
189 1740 282 1781 sola
301 1742 401 1794 post
431 1740 537 1782 haec
556 1741 748 1782 restabat
769 1741 938 1796 erectio,
971 1755 1078 1796 quae
1098 1740 1171 1781 uix
1193 1743 1268 1781 aut
1298 1755 1351 1780 ne
1372 1741 1444 1781 uix

93 1799 263 1853 quidem
278 1799 533 1853 sperabatur
546 1815 672 1854 posse
687 1800 895 1854 conpleri:
917 1800 1180 1855 digestisque
1200 1800 1258 1840 ad
1267 1813 1444 1853 perpen-

36 1869 74 1895 30
93 1858 283 1899 diculum
315 1858 416 1899 altis
436 1859 647 1913 trabibus,
679 1861 727 1900 ut
747 1858 1044 1900 machinarum
1066 1872 1259 1899 cerneres
1279 1872 1443 1911 nemus,

92 1917 369 1958 innectuntur
400 1918 515 1958 uasti
545 1917 670 1958 funes
703 1920 745 1959 et
776 1917 899 1972 longi
931 1917 983 1958 ad
1016 1917 1200 1971 speciem
1233 1916 1443 1970 multipli-

93 1976 206 2016 cium
249 1975 448 2016 liciorum
493 1976 658 2017 caelum
705 1976 917 2017 densitate
966 1975 1102 2016 nimia
1153 1975 1443 2016 subtexentes.

92 2034 248 2088 quibus
298 2033 542 2088 conligatus
592 2049 714 2076 mons
764 2035 855 2088 ipse
906 2034 1122 2089 effigiatus
1174 2033 1442 2087 scriptilibus

115 2263 122 2270 ·
155 2225 204 2271 ‘3
229 2218 490 2264 heliupolitam
526 2219 563 2271 V,
597 2265 604 2270 1
651 2224 687 2254 11
722 2231 810 2265 apes
846 2220 893 2253 1⁷¹
928 2231 1031 2271 apex·
1062 2220 1156 2254 1721>
1248 2220 1318 2255 *20
1342 2220 1440 2270 prin-

91 2275 150 2342 ἒξ
154 2263 286 2344 8118Ῡῇ
338 2264 623 2353 θὲἒεέἒῇἶῗέῑῗ
644 2264 735 2344 gau
762 2264 1233 2345 t*1²<14e221¹‡¹¹¹1¹32¹²¹³e131⁷0{1um
1246 2265 1441 2346 ²3⁷19¹5331

92 2320 235 2397 otiique
261 2321 378 2397 usgue
405 2353 613 2399 periculum
641 2354 673 2389 G
733 2321 760 2354 p
931 2323 954 2354 q
1028 2322 1051 2354 p
