1614 2549
413 89 755 125 CONSTANTIVS
779 90 840 125 ΕΤ
866 90 1096 126 IVLIANVS
1121 96 1187 128 358
1392 95 1473 136 135

123 199 232 240 quae
270 184 498 226 secundam
535 186 785 238 prospectat
815 184 1102 240 Pannoniam,
1139 186 1319 241 parique
1351 186 1474 228 forti-

121 243 269 285 tudine
301 245 450 284 contra
480 241 703 284 Valeriam
735 257 835 297 opes
874 244 1082 286 barbaras
1115 245 1276 286 urendo
1307 245 1474 299 rapien-

121 303 259 356 doque
291 302 559 343 occurrentia
590 301 793 343 militaris
826 303 954 344 turbo
987 303 1204 345 uastabat.
1268 304 1305 345 7.
1352 304 1473 346 cuius

122 360 255 401 cladis
287 360 564 401 inmensitate
595 361 782 414 permoti
813 361 1063 414 posthabito
1096 362 1260 403 latendi
1292 362 1472 404 consilio

84 432 102 457 5
124 418 346 460 Sarmatae
377 419 585 472 petendae
606 419 744 477 specie
764 419 882 472 pacis
904 420 1076 474 agmine
1096 421 1316 474 tripertito
1349 434 1474 475 agen-

121 481 187 519 tes
220 478 409 519 securius
441 480 613 518 nostros
647 477 825 531 adgredi
864 478 1128 532 cogitarunt:
1165 483 1213 520 ut
1240 494 1319 521 nec
1352 494 1475 534 expe-

122 536 212 577 dire
244 536 333 577 tela
363 550 441 576 nec
473 536 563 576 uim
594 536 822 577 uulnerum
855 536 1088 591 declinare,
1126 551 1221 592 nec,
1262 538 1375 592 quod
1408 541 1474 580 est

121 596 167 636 in
196 595 325 635 rebus
359 594 590 635 artissimis
623 594 839 648 ultimum,
872 595 985 636 uerti
1015 598 1194 649 possent
1231 597 1276 637 in
1307 597 1471 650 fugam.

122 654 159 694 8.
204 653 380 694 aderant
419 656 563 694 autem
607 653 707 695 ilico
748 652 958 695 Sarmatis
1001 655 1293 708 periculorum
1333 654 1474 703 Quadi

68 728 101 753 10
119 712 364 765 participes,
396 712 470 767 qui
501 726 710 753 noxarum
731 727 856 766 saepe
890 712 995 753 socii
1027 713 1200 754 fuerant
1231 713 1473 755 indiscreti:

121 771 194 811 sed
231 785 284 811 ne
323 785 394 811 eos
434 770 607 824 quidem
638 773 841 824 prompta
877 771 989 812 iuuit
1028 772 1207 813 audacia
1244 772 1290 813 in
1328 771 1474 813 discri-

120 829 239 870 mina
268 831 440 870 ruentes
473 832 632 882 aperta.
677 829 715 870 9.
749 830 882 870 caesis
916 830 1031 871 enim
1051 831 1328 884 conpluribus
1360 845 1474 885 pars,

122 902 229 942 quae
266 888 408 941 potuit
447 902 685 941 superesse,
728 902 804 941 per
841 891 967 929 notos
1014 889 1146 930 calles
1186 889 1343 930 euasit:
1389 903 1473 942 quo

51 984 59 992 ,
121 949 277 987 euentu
307 947 420 986 uires
454 949 496 986 et
528 946 694 986 animos
727 946 934 987 incitante
954 947 1112 988 iunctis
1134 948 1306 988 densius
1328 947 1472 988 cuneis

68 1020 100 1046 15
121 1005 173 1046 ad
206 1004 453 1053 Quadorum
485 1017 619 1058 regna
648 1005 910 1058 properabat
930 1006 1157 1059 exercitus,
1190 1006 1264 1060 qui
1285 1020 1335 1047 ex
1354 1021 1474 1060 prae-

119 1063 249 1104 terito
282 1077 382 1104 casu
414 1063 690 1116 inpendentia
728 1063 1009 1105 formidantes
1042 1065 1239 1118 rogaturi
1273 1064 1474 1118 supplici-

119 1124 185 1163 ter
223 1136 391 1176 pacem,
434 1121 614 1162 fidentes
649 1121 701 1162 ad
745 1122 952 1176 principis
997 1137 1152 1164 uenere
1197 1126 1474 1176 conspectum

121 1193 224 1234 erga
255 1180 360 1221 haec
392 1183 429 1221 et
460 1180 620 1220 similia
657 1180 853 1234 lenioris,
892 1181 1091 1235 dictoque
1131 1182 1199 1222 die
1232 1181 1473 1223 statuendis

121 1239 461 1293 condicionibus,
496 1239 658 1290 [modo]
692 1238 830 1279 Zizais
864 1254 1033 1294 quoque
1066 1241 1197 1282 etiam
1229 1242 1323 1281 tum
1354 1253 1475 1294 rega-

67 1313 102 1338 20
122 1298 194 1352 lis,
233 1297 348 1338 haud
385 1297 510 1350 parui
549 1297 738 1350 corporis
771 1297 939 1338 iuuenis
973 1299 1142 1339 ordines
1176 1298 1474 1340 Sarmatarum

121 1371 239 1397 more
272 1355 520 1397 certaminis
553 1356 760 1396 instruxit
793 1356 846 1396 ad
876 1371 1040 1410 preces3
1081 1358 1260 1411 uisoque
1292 1358 1474 1410 impera-

119 1419 212 1456 tore
251 1414 431 1455 abiectis
471 1414 602 1455 armis
640 1417 811 1467 pectore
856 1418 949 1456 toto
994 1416 1225 1469 procubuit
1264 1415 1473 1456 exanimis

119 1477 294 1515 stratus.
328 1475 371 1513 et
403 1472 561 1513 amisso
594 1473 712 1513 uocis
746 1473 887 1514 officio
919 1489 1021 1528 prae
1053 1475 1222 1528 timore,
1254 1477 1347 1516 tum
1377 1489 1474 1515 cum

120 1547 242 1573 orare
281 1532 455 1572 deberet
493 1532 701 1572 maiorem
739 1532 1079 1574 misericordiam
1117 1533 1256 1574 mouit
1295 1535 1472 1574 conatus

65 1605 100 1631 25
121 1591 380 1645 aliquotiens
423 1604 661 1644 parumque
706 1590 949 1644 inpediente
994 1591 1191 1646 singultu
1235 1592 1472 1645 permissus

121 1650 333 1703 explicare
367 1663 475 1703 quae
513 1649 731 1702 poscebat.
796 1650 860 1690 10.
904 1653 1122 1691 recreatus
1162 1651 1344 1704 denique
1382 1653 1474 1691 tan-

121 1709 217 1750 dem
248 1708 475 1761 iussusque
509 1721 755 1762 exsurgere,
795 1708 976 1762 genibus
1008 1710 1152 1763 nixus,
1185 1724 1266 1750 usu
1298 1709 1473 1763 linguae

119 1769 371 1820 recuperato
417 1766 733 1807 concessionem
779 1767 1035 1808 delictorum
1074 1768 1158 1808 sibi
1201 1768 1337 1808 tribui
1378 1782 1474 1820 sup-

119 1825 300 1879 plicauit
333 1827 376 1865 et
406 1824 591 1878 ueniam,
624 1839 757 1879 eoque
793 1826 845 1866 ad
876 1827 1137 1879 precandum
1159 1826 1348 1867 admissa
1366 1825 1475 1866 mul-

65 1897 101 1923 30
121 1884 278 1937 titudo,
323 1883 442 1924 cuius
488 1897 564 1923 ora
601 1883 786 1924 formido
832 1888 954 1925 muta
992 1885 1236 1937 claudebat,
1280 1883 1472 1938 periculo

121 1943 259 1984 adhuc
278 1941 607 1995 praestantioris
630 1942 846 1996 ambiguo,
867 1943 941 1983 ubi
960 1943 1036 1983 ille
1058 1943 1149 1984 solo
1167 1947 1305 1983 iussus
1328 1942 1474 1984 attolli

121 2001 270 2042 orandi
310 2001 482 2054 signum
516 2001 865 2053 exspectantibus
899 2001 971 2041 diu
1004 2001 1284 2055 monstrauit,
1324 2015 1473 2042 omnes

213 2145 258 2177 *2
284 2154 324 2177 cc
350 2144 408 2186 (=
438 2145 569 2178 contra
596 2144 643 2186 G)
679 2143 713 2177 V
741 2154 819 2177 esse
846 2143 905 2188 (=
936 2146 992 2185 ee)
1031 2144 1066 2178 P
1177 2145 1343 2179 uerendo
1385 2145 1475 2180 VPb

118 2188 276 2223 ferendo
304 2187 338 2222 G
408 2190 427 2221 5
450 2188 641 2232 tripertito
667 2188 773 2232 Pbya
803 2188 972 2232 tipertito
1002 2188 1037 2223 V
1102 2193 1122 2223 6
1154 2191 1197 2223 ut
1219 2191 1255 2224 A
1279 2200 1345 2224 om.
1371 2190 1475 2225 codd.

121 2234 189 2268 lac.
215 2233 328 2267 indic.
356 2232 512 2277 Lomyen
560 2237 578 2267 7
605 2233 836 2267 declinarent
857 2233 924 2267 VP
971 2237 990 2267 8
1017 2234 1229 2268 arctissimis
1251 2234 1322 2269 GA
1339 2235 1471 2269 altissi-

120 2278 192 2312 mis
222 2278 311 2312 VPb
392 2279 545 2321 possent
564 2277 669 2311 VAP
684 2288 792 2321 posse
812 2278 846 2312 G
871 2288 936 2312 om.
962 2279 981 2312 b
1050 2283 1069 2313 9
1096 2278 1216 2320 Quadi
1243 2280 1277 2314 G
1302 2290 1376 2324 qua
1404 2279 1473 2313 VP

125 2327 166 2356 13
191 2322 304 2356 calles
327 2322 465 2366 scripsi
490 2322 602 2356 colles
628 2323 732 2357 codd.
827 2327 867 2357 18
894 2324 933 2356 et
951 2323 985 2357 G
1008 2333 1074 2358 om.
1100 2324 1202 2358 codd.
1299 2329 1338 2359 19
1363 2323 1474 2358 modo

125 2367 193 2401 del.
219 2368 329 2411 uulgo
355 2367 424 2402 lac.
449 2367 564 2404 indic.
590 2367 772 2412 Eyssenh.
831 2372 873 2401 20
897 2367 997 2401 haud
1022 2369 1129 2407 parui
1156 2368 1190 2402 G
1214 2369 1315 2403 anud
1338 2369 1378 2402 ui
1406 2369 1475 2400 VP
