1573 2508
116 105 201 147 324
637 104 755 139 xxm
779 108 811 147 6,
840 108 971 141 15—24

115 197 349 252 Hyrcania,
382 198 618 252 Margiana,
655 198 887 252 Bactriani,
927 198 1143 254 Sogdiani,
1181 198 1323 254 Sacae,
1363 200 1463 255 Scy-

117 256 211 297 thia
253 257 364 307 iufra
404 255 569 298 Imaum
611 260 648 298 et
688 257 802 299 ultra
844 257 1022 300 eundem
1064 261 1266 313 montem,
1308 258 1462 312 Serica,

116 314 242 368 Aria,
294 315 658 369 Paropanisadae,
701 316 973 371 Drangiana,
1016 316 1254 358 Arachosia
1299 321 1341 359 et
1384 317 1463 359 Ge-

116 373 270 414 drosia.

238 432 301 473 15.
335 430 454 473 Citra
493 447 640 474 omnes
685 434 929 487 prouincias
974 436 1039 475 est
1082 433 1241 474 nobilis
1280 433 1495 488 Assyrias,

116 490 370 532 celebritate
402 494 445 532 et
477 492 773 545 magnitudine
795 496 837 533 et
869 492 1127 533 multiformi
1158 492 1383 534 feracitate
1402 492 1461 533 di—

115 549 298 590 tissima.
361 564 469 603 quae
511 565 586 603 per
626 551 808 604 populos
849 564 1068 605 pagosque
1109 550 1275 604 amplos
1308 550 1462 592 diffusa

116 608 332 661 quondam
365 611 407 649 et
439 608 623 662 copiosa,
655 609 706 650 ad
733 624 865 650 unum
897 609 1107 651 concessit
1139 609 1398 650 uocabulum
1419 612 1461 650 et

113 680 224 707 1111110
269 667 408 708 omnis
453 667 696 721 appellatur
738 667 939 722 Assyria,
983 668 1056 709 ubi
1101 668 1212 709 inter
1256 668 1460 709 bacarum

115 725 449 780 uulgariumque
488 726 796 767 abundantiam
834 727 1008 780 frugum
1044 726 1238 767 bitumen
1269 726 1460 768 nascitur
1480 744 1513 770 ιο

112 797 246 837 prope
290 783 433 825 lacum
477 785 650 826 nomine
684 783 945 839 Sosingiten,
987 785 1105 826 cuius
1151 785 1273 826 alueo
1313 783 1459 838 Tigris

115 845 293 883 uoratus
321 842 541 897 fluensque
562 844 866 885 subterraneus
898 843 1111 897 percursis
1145 843 1296 897 spatiis
1316 843 1458 897 longis

115 901 311 955 emergit.
365 902 428 942 16.
448 901 518 943 hic
551 906 594 943 et
613 902 808 956 naphtha
828 902 1022 956 gignitur
1055 902 1174 956 picea
1206 902 1346 955 specie
1366 902 1460 956 glu-

112 959 268 1011 tinosa,
300 960 456 1001 similis
490 960 584 1014 ipsa
605 975 772 1015 quoque
806 961 1021 1013 bitumini,
1053 960 1121 1001 cui
1141 960 1272 1001 etiam
1304 960 1340 1001 si
1373 960 1459 1002 aui-

114 1017 211 1058 cula
243 1018 447 1060 insederit
478 1019 635 1073 breuis,
667 1019 914 1073 praepedito
946 1019 1096 1060 uolatu
1131 1019 1354 1060 submersa
1390 1033 1459 1073 pe·
1480 1037 1512 1062 15

112 1076 230 1117 nitus
263 1077 491 1118 euanescit.
553 1081 595 1118 et
628 1092 723 1118 cum
761 1078 841 1119 1100
879 1078 1059 1131 liquoris
1093 1077 1238 1118 ardere
1271 1077 1458 1131 coeperit

113 1147 260 1189 genus,
301 1135 468 1176 nullum
507 1135 696 1178 inueniet
733 1136 921 1177 humana
953 1150 1072 1176 mens
1110 1139 1281 1189 praeter
1312 1135 1457 1189 pulue-

111 1207 202 1234 rem
235 1194 511 1248 extinguendi
544 1198 844 1236 commentum.

234 1253 298 1293 17.
319 1252 368 1293 Ι11
399 1252 467 1294 his
499 1254 622 1307 pagis
650 1254 793 1295 hiatus
821 1267 988 1308 quoque
1015 1253 1274 1306 conspicitur
1305 1255 1457 1306 terra-e,

114 1310 224 1351 unde
275 1311 436 1352 halitus
488 1311 630 1353 letalis
675 1325 909 1366 exsurgens
955 1311 1246 1366 quodcumque
1297 1311 1455 1352 animal
1475 1331 1509 1356 20

111 1369 302 1422 proxime
347 1370 515 1411 steterit
560 1371 688 1412 odore
739 1371 860 1425 graui
911 1370 1132 1412 consumit.
1207 1384 1314 1424 quae
1365 1369 1455 1411 lues

111 1428 253 1469 oriens
287 1444 310 1469 a
348 1429 559 1482 profundo
593 1429 776 1484 quodam
808 1432 950 1483 puteo,
988 1443 1083 1470 cum
1115 1443 1162 1469 os
1195 1428 1283 1469 eius
1317 1442 1455 1469 exces-

112 1487 217 1527 serit
249 1487 396 1539 latum,
428 1490 659 1542 antequam
690 1488 914 1529 sublimius
935 1490 1179 1541 uagaretur,
1209 1489 1345 1528 terras
1379 1486 1456 1527 cir-

110 1545 312 1586 cumsitas
358 1545 664 1587 inhabitabiles
710 1547 942 1588 acerbitate
986 1546 1169 1587 fecisset.
1234 1545 1299 1586 18.
1337 1544 1454 1586 cuius

110 1603 249 1644 simile
283 1604 475 1645 foramen
507 1605 618 1658 apud
650 1605 919 1659 Hierapolim
938 1604 1156 1658 Phyrgiae
1190 1602 1381 1657 antehac,
1408 1605 1455 1644 ut
1474 1615 1508 1642 25

110 1662 312 1703 adserimt
344 1662 490 1716 aliqui,
522 1663 760 1705 uidebatur.
821 1663 929 1704 1111(Ῑο
951 1675 1170 1716 emergens
1203 1662 1352 1703 itidem
1382 1675 1453 1703 110-

109 1720 202 1761 xius
235 1721 409 1774 spiritus
441 1722 733 1774 perseueranti
765 1722 893 1762 odore
926 1721 1125 1775 quicquid
1163 1735 1293 1774 prope
1331 1734 1455 1761 uene-

108 1781 177 1819 rat
208 1780 515 1833 conrumpebat
553 1780 713 1835 absque
758 1780 1016 1833 spadonibus
1062 1779 1178 1832 solis,
1222 1778 1332 1833 quod
1371 1793 1454 1832 qua

109 1852 237 1879 causa
257 1838 439 1891 eueniat,
459 1839 696 1880 rationibus
717 1839 908 1893 physicis
930 1838 1215 1892 permittatur.
1258 1837 1322 1879 19.
1343 1836 1453 1891 apud

108 1896 340 1937 Asbamaei
375 1911 540 1951 quoque
579 1897 694 1938 Iouis
734 1897 942 1951 templum
979 1897 1023 1937 in
1057 1895 1336 1950 Cappadocia,
1380 1895 1452 1936 ubi
1471 1909 1505 1935 ³0

109 1955 400 2007 amplissimus
432 1956 506 1996 ille.
530 1955 812 2009 philosophus
833 1955 1090 2009 Apollonius
1124 1954 1306 1995 traditur
1326 1957 1451 1995 natus

108 2027 240 2067 prope
274 2013 475 2066 oppidum
509 2013 669 2067 Tyana,
709 2017 864 2067 stagno
905 2014 1080 2054 effluens
1119 2013 1213 2053 fons
1252 2012 1452 2065 cernitur,

199 2160 218 2189 2
244 2156 340 2189 infra
376 2157 517 2190 Imaum
556 2159 593 2191 et
631 2158 770 2192 inserui
800 2157 892 2199 (coll.
924 2157 1075 2191 Ptolem.
1106 2159 1217 2198 6,1)
1248 2166 1315 2190 om.
1347 2155 1449 2191 codd.

108 2200 269 2235 eundem
300 2201 408 2235 J'sz
436 2201 616 2235 Emodcm
644 2201 675 2235 G
757 2206 777 2235 3
804 2200 1120 2280 111010111111011110011
1153 2200 1185 2233 V
1258 2205 1277 2233 5
1301 2199 1449 2244 prouin-

108 2246 183 2280 cias
207 2246 338 2288 scripsi
363 2246 593 2289 propinquae
626 2246 668 2303 V7
908 2245 1051 2324 Vphtha
1080 2246 1147 2312 ὀξέα
1179 2245 1293 2289 napta
1321 2244 1357 2278 P
1383 2254 1449 2323 ἐπὶ)

107 2289 394 2423 ἒέῧιὸιιπδὶῦαωθιιὸ
405 2248 891 2379 {afflighem}‘Zopssglljsgelrgff'
923 2291 1022 2379 1111111111
1054 2293 1152 2379 bya6
1183 2299 1382 2378 Qiggffllsm
1419 2332 1454 2366 V

107 2394 123 2405 ‘-
144 2391 190 2411 Ὶο
206 2391 240 2412 1⁴2
