1573 2508
1414 0 1417 1 ⁷
1440 0 1489 25 γὲ

114 53 198 96 260
667 47 753 83 XXI
778 51 830 91 16,
856 50 966 82 3—11

113 161 190 188 nec
223 144 416 198 contingi
449 143 502 183 ab
536 156 584 183 eo
617 141 743 184 ciuile
774 141 999 196 negotium
1031 139 1325 196 permittebat.
1387 138 1460 180 sed

109 207 286 247 cunctae
319 205 559 243 castrenses
580 203 623 242 et
643 200 885 242 ordinariae
910 202 1150 254 potestates
1169 201 1217 241 ut
1247 197 1460 240 honorum

111 263 303 305 onmium
343 260 509 314 apicem
546 259 712 313 priscae
750 258 1015 300 reuerentiae
1059 272 1176 300 more
1218 257 1459 311 praefectos

113 335 280 374 semper
313 332 541 372 suspexere
573 317 804 372 praetorio.
854 317 892 358 3.
923 317 969 358 in
1000 315 1290 358 conseruando
1322 315 1460 357 milite

112 380 296 421 nimium
328 383 490 430 cautus,
523 376 794 418 examinator
825 375 1079 417 meritorum
1110 389 1198 416 11011
1226 386 1496 430 numquam5
1548 406 1553 419 „

115 438 438 490 subscruposus,
482 435 696 489 palatinas
741 434 976 489 dignitates
1020 434 1141 475 uelut
1185 448 1235 474 ex
1278 432 1463 488 quodam

118 496 313 538 tribuens
346 494 662 548 perpendiculo,
694 496 737 535 et
769 493 846 534 sub
881 507 930 535 eo
962 506 1088 534 nemo
1109 491 1270 534 celsmn
1302 489 1465 545 aliquid

119 558 292 597 acturus
325 554 370 594 in
401 553 523 607 regia
553 552 804 606 repentinus
837 551 1057 593 adhibitus
1090 553 1155 592 est
1175 550 1245 591 uel
1276 548 1466 604 incogni-
1511 595 1516 597 ‚

114 617 197 667 tus,
236 612 310 654 scd
348 612 421 667 qui
457 614 557 665 post
595 611 846 652 decennium
885 610 1126 652 officiorum
1164 608 1466 664 magisterium
1531 654 1553 665 -.

115 672 185 714 uel
206 671 462 725 largitiones
483 670 551 710 uel
578 669 720 711 simile
742 669 969 724 quicquam
990 671 1102 710 esset
1122 671 1328 720 recturus,
1349 680 1466 721 aper·
1487 677 1520 705 ιο
1538 667 1555 713 'i

116 731 284 773 tissime
316 728 586 770 noscebatur.
637 728 847 782 ualdeque
878 742 975 769 raro
1008 727 1252 781 contigerat
1281 729 1330 768 ut
1357 725 1468 768 mili-
1530 713 1556 776 {¹

120 789 281 831 tarium
314 787 471 842 aliquis
511 787 563 828 ad
602 787 749 828 ciuilia
779 786 966 841 regenda
996 786 1204 827 transiret
1236 788 1468 839 contraque
1507 792 1557 831 ,JL

119 862 207 889 non
238 847 322 888 nisi
355 846 532 900 puluere
564 846 721 888 bellico
742 845 931 886 indura-ti
957 844 1315 899 praeficiebantur
1335 857 1470 885 arma-
1540 847 1554 898 ’ς’

119 907 190 949 tis.
253 906 293 947 4.
333 905 626 946 doctrinarum
665 905 850 958 diligens
896 903 1146 957 adfectator,
1190 903 1263 944 sed
1307 916 1404 944 cum
1446 915 1472 942 a
1530 905 1553 958 ξ’

102 964 339 1006 vrhetorica
370 978 445 1017 per
478 963 699 1017 ingenium
732 963 998 1004 desereretur
1031 962 1274 1014 obtunsum,
1308 960 1359 1002 ad
1379 974 1472 1002 uer·
1491 964 1543 998 ω’

124 1023 379 1065 sificandum
422 1025 718 1075 transgressus
762 1021 873 1062 nihil
925 1035 1078 1075 operae
1128 1020 1316 1074 pretium
1358 1019 1472 1060 fecit.

123 1082 163 1123 5.
194 1082 239 1123 in
270 1081 363 1122 uita
395 1094 526 1134 parca
557 1084 600 1121 et
633 1080 779 1121 sobria
811 1079 962 1120 edendi
992 1079 1252 1133 potandique
1283 1078 1474 1120 modera-

122 1141 241 1182 tione
274 1139 568 1180 ualetudinem
595 1139 657 1180 ita
688 1139 868 1182 retinuit
898 1138 1080 1192 firmam,
1117 1141 1167 1179 ut
1203 1151 1324 1179 raros
1357 1136 1474 1178 colli-

124 1201 247 1254 geret
288 1198 476 1251 morbos,
521 1198 595 1239 sed
627 1211 698 1239 eos
730 1212 817 1238 11011
853 1197 1004 1251 procul
1043 1212 1068 1238 a
1097 1197 1214 1238 uitae
1251 1195 1474 1250 periculis:

126 1258 171 1299 id
203 1257 318 1298 enim
350 1257 519 1298 euenire
552 1257 803 1310 corporibus
825 1271 850 1297 a
881 1256 1063 1297 lasciuia
1091 1255 1266 1297 dimotis
1287 1257 1329 1296 et
1361 1254 1476 1308 luxu,
1494 1263 1530 1291 2⁰

129 1316 333 1358 diuturna
366 1316 659 1369 experimenta
679 1318 721 1356 et
752 1314 1028 1369 probationes
1049 1314 1248 1355 medendi
1268 1316 1477 1355 monstra-

128 1378 243 1417 runt.
306 1375 344 1415 6.
384 1389 532 1415 somno
578 1377 803 1415 contentus
843 1374 1010 1427 exiguo,
1055 1388 1151 1414 cum
1194 1373 1238 1414 id
1281 1375 1478 1427 posceret

128 1437 299 1487 tempus
333 1435 376 1474 et
407 1433 532 1486 ratio,
563 1447 721 1487 perque
743 1433 885 1486 spatia
903 1432 1020 1473 uitae
1053 1431 1309 1486 longissima
1333 1432 1479 1486 inpen-

129 1493 200 1534 dio
238 1494 395 1545 castus,
440 1495 488 1533 ut
520 1506 596 1533 1100
629 1506 776 1533 amaro
809 1490 1009 1532 ministro
1043 1491 1200 1532 saltem
1239 1490 1478 1544 suspicione

130 1554 255 1593 tenus
287 1554 434 1604 posset
466 1550 676 1604 redargui,
716 1550 827 1604 quod
865 1549 1027 1590 crimen
1064 1549 1196 1590 etiam
1235 1549 1271 1590 si
1303 1563 1389 1590 non
1419 1549 1481 1589 in-
1499 1557 1533 1585 2⁵

133 1610 265 1663 uenit,
298 1609 550 1662 malignitas
582 1609 721 1663 fingit,
754 1609 797 1649 111
830 1622 1094 1649 summarum
1132 1608 1307 1649 licentia
1342 1610 1482 1661 potes-

133 1671 286 1710 tatum.
350 1668 387 1708 7.
427 1667 646 1722 equitandi
685 1670 728 1709 et
767 1667 996 1720 iaculandi,
1041 1666 1307 1721 maximeque
1345 1666 1482 1720 perite

134 1727 348 1780 dirigendi
383 1727 580 1780 sagittas,
612 1727 853 1780 artiumque
876 1729 1117 1767 armaturae
1149 1725 1358 1779 pedestris
1390 1739 1483 1779 per-

135 1800 264 1840 quam
298 1785 622 1826 scientissimus.
674 1785 786 1840 quod
807 1787 952 1826 autem
983 1798 1054 1826 nec
1084 1784 1259 1825 tersisse.
1280 1797 1483 1839 umquam

133 1858 259 1886 nares
293 1844 339 1885 in
369 1844 542 1897 publico
573 1858 651 1885 nec
684 1844 849 1898 spuisse
880 1858 957 1884 nec
996 1843 1270 1884 transtulisse
1309 1843 1353 1884 in
1389 1857 1483 1897 par-
1502 1853 1536 1879 ³⁰

136 1906 225 1944 tem
264 1903 520 1944 alterutram
561 1903 729 1944 uultum
768 1903 998 1957 aliquando
1037 1905 1103 1943 est
1140 1902 1269 1955 uisus,
1306 1915 1383 1943 nec
1414 1914 1484 1955 po-

232 2064 250 2091 2
271 2059 450 2093 honorum
465 2059 570 2103 I’bya
595 2058 790 2092 homor-um
810 2058 841 2092 V
885 2063 905 2091 3
919 2057 1066 2092 ucrenti
1084 2068 1208 2091 amore
1230 2057 1296 2091 VP
1341 2059 1362 2090 4
1379 2065 1484 2101 prae-

139 2103 302 2138 torianos
327 2104 395 2147 boa
446 2106 640 2138 raeteanos
670 2103 737 2137 VP
785 2107 824 2137 11
852 2113 933 2137 raro
960 2103 979 2137 b
1003 2114 1026 2137 α
1050 2113 1141 2147 paro
1174 2101 1238 2136 VP
1299 2104 1339 2135 17
1363 2100 1487 2135 sobria.

140 2149 208 2192 bya
233 2148 378 2182 sobriae
441 2149 476 2182 P
523 2150 592 2183 *20
618 2148 769 2182 dimotis
795 2148 875 2192 (sic)
908 2147 974 2182 VP
997 2158 1044 2192 θα
1092 2152 1131 2181 21
1158 2146 1396 2191 probationes
1419 2145 1486 2189 baa

140 2192 401 2237 propassiones
433 2193 499 2227 VP
592 2197 634 2228 23
659 2193 775 2237 uitae]
802 2193 855 2227 ita
884 2191 1019 2236 VPbya
1111 2195 1154 2225 24
1179 2202 1247 2226 nec
1271 2200 1397 2226 amaro
1421 2188 1487 2223 mi-

140 2236 256 2272 nistro
281 2237 413 2280 Haupt
440 2248 507 2271 nec
533 2249 634 2272 mare
661 2238 829 2272 ministro
859 2237 927 2272 VP
950 2247 1018 2271 nec
1043 2247 1168 2271 amare
1193 2235 1378 2270 ministros
1396 2233 1489 2268 Lin-

142 2282 265 2360 (έξηόν,
357 2286 401 2361 ῗᾶὶ
435 2293 501 2315 nec
533 2294 600 2317 om.
639 2282 705 2316 ΓΡ
763 2287 805 2317 31
839 2283 1038 2326 quicquam
1066 2285 1148 2325 post
1174 2290 1370 2325 pomorum
1401 2278 1490 2314 add.

212 2337 278 2361 om.
303 2336 357 2361 coc
399 2358 405 2364 .
