1573 2508
150 76 235 118 220
681 73 747 108 xx
773 77 806 116 9,
831 76 952 116 8—11‚
977 79 998 109 3

155 183 283 225 quam
304 169 354 210 de
383 167 595 209 industria
621 169 891 221 conuocarat,
923 181 945 208 e
970 167 1189 222 tribunali,
1220 172 1268 210 ut
1291 169 1497 211 emineret

154 228 297 281 altius,
335 226 610 281 superstanti,
648 226 809 280 scripta
846 226 1018 268 iubetur
1049 227 1212 269 offerre.
1271 227 1497 282 replicato-

154 301 234 341 que
278 285 498 327 uolumine
543 284 683 339 edicti,
726 284 837 338 quod
880 285 1058 326 missum
1103 289 1180 339 est,
1224 288 1267 328 et
1309 286 1398 341 legi
1441 286 1495 328 ab

154 344 327 386 exordio
360 347 522 398 coepto,
555 358 648 385 cum
679 345 855 385 uentum
887 342 1041 384 fuisset
1071 344 1123 385 ad
1155 343 1295 386 10011111
1326 345 1369 386 1(1
1401 358 1497 387 eon-

152 404 386 456 tinentem,
431 402 542 457 quod
586 405 711 456 gesta
753 402 897 443 omnia
941 400 1218 444 Constantius
1262 403 1532 457 inprobam-'³
1566 451 1569 462 κ

154 459 349 502 Caesaris
390 463 650 515 potestatem
682 460 875 502 sufficere
908 459 1075 502 Iuliano
1115 461 1326 515 censebat,
1362 461 1499 504 excla-

154 520 354 562 mabatur
373 520 557 573 undique
578 533 728 561 uocum
748 519 1006 560 terribilium
1027 533 1131 560 sonu
1155 520 1191 560 7.
1205 519 1414 574 ‘Auguste
1432 519 1499 562 Iu-

155 579 278 632 liane,
309 581 357 619 ut
388 578 664 632 prouincialis
697 581 740 619 et
772 578 895 619 miles
928 580 970 618 et
1000 578 1061 618 rei
1094 578 1291 631 publicae
1311 578 1500 620 decreuit

156 637 389 678 auctoritas
428 639 644 677 recreatae
677 636 859 690 quidem,
898 636 970 677 sed
1008 636 1143 678 adhuc
1176 637 1406 679 metuentis
1437 651 1500 679 re·

156 695 323 736 diuinos
356 695 637 736 barbarorum
670 695 892 736 excursus.y
1518 705 1553 733 ιο

276 754 313 795 8.
347 753 510 802 Quibus
532 753 688 794 auditis
708 753 874 794 Leonas
901 767 994 794 eum
1016 752 1172 794 Iuliani
1204 753 1362 795 litteris
1393 753 1500 796 haec

157 812 305 853 eadem
319 812 607 853 indicantibus
621 812 801 853 reuertit
813 811 1053 865 incolumis,
1073 812 1274 866 solusque
1290 812 1498 854 admissus

157 874 222 912 est
254 871 305 911 ad
337 870 649 925 praefecturam
667 869 911 911 Nebridius.
961 870 1003 910 id
1024 870 1138 911 enim
1157 869 1314 912 Caesar
1335 885 1501 926 quoque

159 929 349 970 scribens
383 944 432 969 ex
466 929 678 970 sententia
715 944 791 969 sua
829 928 920 969 fore
954 931 1100 981 aperte
1132 929 1356 982 praedixit.
1415 943 1492 971 ma·

158 988 341 1042 gistrum
379 988 492 1028 enim
525 987 763 1029 officiorum
802 987 886 1028 iam
924 987 1088 1041 pridem
1126 987 1216 1041 ipse
1248 986 1501 1030 Anatolium
1522 998 1556 1026 1⁵

158 1046 384 1099 ordinauit,
412 1046 571 1087 libellis
594 1049 720 1087 antea
739 1046 1081 1099 respondentem,
1101 1048 1145 1086 et
1165 1046 1369 1100 quosdam
1391 1046 1500 1088 alios

158 1107 205 1145 ut
237 1104 320 1145 sibi
351 1104 457 1145 utile
490 1104 714 1145 uidebatur
746 1106 789 1145 et
821 1105 972 1145 tutum.

276 1162 315 1203 9.
346 1162 405 1204 Et
446 1163 647 1217 quoniam
689 1177 783 1204 cum
825 1162 929 1204 haec
961 1163 1023 1204 ita
1055 1162 1342 1216 procederent,
1382 1163 1503 1205 time-

158 1222 285 1262 batur
304 1221 534 1275 Lupicinus
567 1222 669 1263 lieet
700 1221 854 1262 absens
875 1235 1091 1276 agensque
1112 1221 1241 1262 etiam
1274 1223 1365 1262 tum
1392 1222 1502 1277 apud

159 1280 423 1334 Brittannos,
454 1279 583 1321 homo
604 1280 812 1334 superbae
833 1280 987 1321 mentis
1015 1282 1058 1320 et
1086 1280 1297 1333 turgidae,
1328 1283 1502 1336 eratque
1521 1293 1557 1320 20

160 1339 345 1392 suspicio
379 1339 501 1392 quod,
535 1339 570 1380 si
602 1339 708 1380 haec
739 1341 858 1380 trans
891 1353 1007 1380 mare
1034 1338 1264 1392 didicisset,
1295 1353 1503 1381 nouarum

160 1412 301 1438 rerum
334 1397 536 1439 materias
569 1398 787 1451 excitaret,
817 1398 1009 1438 notarius
1042 1396 1283 1438 Bononiam
1315 1397 1504 1440 mittitur

160 1456 466 1497 obseruaturus
488 1456 687 1510 sollicite,
717 1470 770 1497 ne
791 1456 1016 1510 quisquam
1035 1456 1193 1497 fretum
1219 1456 1365 1497 oceani
1391 1458 1504 1498 tran-

160 1515 243 1555 sire
264 1515 598 1568 permitteretur.
647 1529 730 1569 quo
756 1515 890 1556 uetito
912 1529 1106 1555 reuersus
1126 1514 1370 1570 Lupicinus,
1389 1517 1503 1556 ante-

161 1587 287 1626 quam
308 1573 460 1614 horum
481 1574 708 1627 quicquam
729 1573 869 1626 sciret,
889 1573 1028 1614 nullas
1050 1573 1160 1614 ciere
1182 1573 1323 1626 potuit
1341 1573 1503 1615 turbas.
1522 1585 1558 1612 25

282 1629 355 1672 10.
391 1633 426 1672 1.
459 1632 649 1672 Iulianus
681 1634 825 1672 tamen
856 1632 942 1673 iam
975 1632 1153 1672 celsiore
1191 1631 1364 1673 fortuna
1394 1631 1504 1673 mili-

159 1689 302 1743 tisque
334 1690 489 1730 fiducia
520 1690 687 1743 laetior,
719 1704 771 1730 ne
804 1690 1087 1743 intepesceret
1106 1703 1212 1731 neue
1235 1692 1282 1731 ut
1300 1690 1503 1732 remissus

161 1750 412 1801 argueretur
445 1751 488 1788 et
519 1748 651 1802 deses,
684 1748 839 1802 legatis
873 1749 923 1789 ad
955 1748 1254 1790 Constantium
1286 1748 1428 1790 missis
1459 1748 1504 1790 in

160 1806 342 1847 limitem
365 1805 618 1847 Germaniae
651 1806 857 1848 secundae
878 1820 1074 1860 egressus
1107 1809 1183 1861 est,
1215 1807 1414 1861 omnique
1434 1822 1504 1862 ap-

161 1867 324 1918 paratu,
357 1879 482 1918 quem
515 1865 741 1919 flagitabat
772 1865 937 1906 instans
958 1865 1192 1920 negotium,
1217 1865 1503 1907 communitus
1522 1877 1558 1904 so

1563 889 1568 897 .
1558 684 1573 873 -ἶυνηιψ
1559 663 1562 668 ”
1557 625 1564 630 ’-
1559 605 1563 610 ·

1557 1028 1569 1050 os
1559 915 1573 999 ‹tf-v.-

1556 1054 1567 1155 *qn-*1*

254 1994 266 2023 1
296 2000 315 2024 e
333 1990 436 2025 codd.
464 1992 502 2025 et
525 1991 593 2035 bya
682 1995 703 2024 4
729 1991 981 2026 continentem
1011 1990 1153 2026 VGAR
1176 2001 1242 2026 om.
1268 1991 1310 2026 rb
1397 1994 1417 2026 6
1442 2001 1503 2025 ex-

162 2034 300 2067 clamat
336 2035 355 2069 b
472 2039 491 2069 7
522 2045 656 2069 uocum
687 2035 707 2069 b
731 2047 755 2070 a
784 2036 914 2070 uotum
945 2035 1012 2070 VP
1103 2046 1212 2070 sonus
1241 2036 1261 2071 b
1375 2039 1396 2070 9
1427 2045 1503 2070 me-

160 2079 300 2113 tuentis
404 2081 613 2115 metuentes
656 2079 688 2113 V
724 2081 768 2115 ba
859 2084 926 2115 *10
966 2080 1166 2114 barbarum
1207 2080 1241 2115 V
1373 2083 1414 2114 12
1448 2079 1503 2114 in-

161 2123 372 2158 dicantibus
410 2126 442 2160 G
478 2125 739 2159 inuocantibus
781 2124 893 2160 VPba
991 2124 1187 2159 incolumis
1233 2125 1266 2160 G
1310 2124 1504 2160 inlocomis

166 2167 279 2202 VPba
342 2174 383 2204 13
408 2169 591 2203 nibridius
619 2169 653 2203 V
718 2173 762 2204 ⁶20
786 2169 968 2214 superbae
994 2169 1128 2203 mentis
1153 2170 1220 2214 bqa
1243 2179 1355 2215 super
1377 2179 1502 2204 amen-

159 2214 216 2247 tes
246 2212 313 2246 VP
374 2218 417 2248 23
443 2213 705 2248 obseruaturus
731 2213 801 2248 GA
826 2214 1044 2249 obseruatur
1072 2213 1161 2249 VPb
1219 2217 1262 2249 25
1285 2212 1406 2248 nullas
1432 2212 1503 2248 GA

160 2256 285 2291 nullus
310 2258 413 2292 codd.
505 2262 548 2293 28
572 2258 607 2293 le
636 2263 718 2292 atus
748 2258 779 2292 V
869 2263 912 2293 29
942 2259 1000 2294 est
1029 2269 1197 2303 egressus
1226 2262 1405 2302 transpos.
1434 2258 1504 2303 bya

160 2303 343 2382 {zpparz‘iztg
384 2303 428 2337 ba
471 2313 609 2347 appare
675 2303 779 2338 VGP
869 2308 912 2339 30
952 2303 1200 2338 communitus
1239 2303 1272 2338 G
1302 2301 1502 2338 commoni-

177 2357 220 2380 us
244 2355 283 2382 co
341 2374 347 2381 .
