1573 2508
149 47 206 90 42
668 47 771 82 XIIII
799 52 851 91 11,
876 51 1009 84 25—34

148 145 319 185 mnatus
359 142 537 182 extincti
576 155 650 195 per
688 140 883 183 fallacias
917 141 1114 184 Caesaris
1152 143 1351 184 manibus
1390 142 1495 184 inla-

148 202 332 244 crimoso
366 200 487 241 obitu
519 200 774 253 parentauit.

255 260 323 301 25.
337 258 456 299 Haec
469 260 513 299 et
525 257 653 298 huius
668 258 783 299 modi
798 259 1006 312 quaedam
1020 259 1351 300 innumerabilia
1364 259 1496 301 ultrix

146 319 385 361 facinorum
424 317 653 370 impiorum
685 317 980 372 bonorumque
1017 317 1297 372 praemiatrix
1335 317 1497 372 aliquo·
1553 351 1555 354 .

148 379 260 418 tiens
299 378 501 429 operatur
539 375 746 417 Adrastia
784 400 839 405 —-
872 378 999 430 atque
1037 377 1204 417 utinam
1241 390 1410 430 semper
1440 391 1532 416 -s

149 450 276 490 quam
319 434 529 475 uocabulo
569 435 726 488 duplici
772 435 903 476 etiam
946 434 1166 475 Nemesim
1211 434 1497 488 appellamus:

148 495 213 536 ius
259 492 469 548 quoddam
511 493 694 534 sublime
738 493 925 534 numinis
970 493 1171 547 efficacis,
1215 493 1497 534 humanarum

149 552 357 594 mentium
390 551 589 605 opinione
623 552 762 593 lunari
795 551 953 593 circulo
988 551 1317 606 superpositum,
1349 551 1418 592 uel
1450 554 1498 593 ut

148 611 357 653 definiunt
402 610 493 663 alii,
545 610 843 652 substantialis
887 611 1024 651 tutela
1067 610 1259 664 generali
1303 610 1499 664 potentia

147 669 379 724 partilibus
412 669 657 722 praesidens
691 668 805 722 fatis,
837 683 965 722 quam
998 668 1192 723 theologi
1224 671 1391 710 ueteres
1423 668 1498 709 fin-
1519 683 1552 709 ιο

151 731 299 783 gentes
338 727 537 768 Iustitiae
576 727 711 768 filiam
750 742 799 768 ex
840 727 987 769 abdita
1020 728 1200 782 quadam
1240 727 1496 768 aeternitate
1541 754 1551 758 <

147 787 324 828 tradunt
338 786 482 827 omnia
497 785 742 840 despectare
758 789 936 827 terrena.
970 787 1036 827 26.
1058 786 1162 827 haec
1182 790 1228 827 ut
1243 786 1393 840 regina
1406 799 1499 826 cau-

149 860 294 886 sarum
327 848 369 886 et
401 844 565 886 arbitra
584 859 726 886 rerum
759 859 805 885 ac
833 845 1111 899 disceptatrix
1133 859 1284 886 urnam
1317 844 1499 885 sortium
1554 876 1556 883 .

148 907 364 958 temperat
401 903 682 944 accidentium
724 904 838 944 uices
881 904 1100 945 alternans
1142 903 1499 957 uoluntatumque

150 966 395 1005 nostrarum
429 976 580 1003 exorsa
618 962 830 1003 interdum
862 962 961 1015 alio,
1000 976 1126 1016 quam
1160 977 1241 1016 quo
1276 961 1500 1002 contende·
1521 974 1555 1002 15

150 1022 267 1074 bant,
311 1022 428 1062 exitu
465 1021 700 1061 terminans
746 1021 1008 1075 multiplices
1054 1024 1172 1062 actus
1216 1019 1499 1074 permutando

152 1079 381 1121 conuoluit,
442 1079 673 1133 eademque
706 1080 979 1120 necessitatis
1013 1079 1235 1120 insolubili
1263 1078 1499 1120 retinaculo

150 1138 432 1179 mortalitatis
464 1138 655 1179 uinciens
688 1137 824 1179 fastus
857 1141 1072 1179 tumentes
1105 1138 1147 1179 in
1172 1151 1339 1178 cassum
1367 1139 1410 1178 et
1441 1136 1502 1177 in-

152 1200 466 1238 crementorum
504 1197 942 1251 detrimentorumque
981 1199 1197 1237 momenta
1227 1210 1415 1248 uersans,
1454 1198 1502 1236 ut

151 1256 286 1309 nouit,
336 1270 447 1296 nunc
497 1258 659 1296 erectas
710 1256 917 1297 mentium
968 1255 1151 1296 ceruices
1204 1254 1410 1309 opprimit
1459 1256 1502 1294 et
1522 1267 1562 1294 20-

152 1316 346 1367 eneruat‚
378 1328 489 1354 nunc
521 1314 655 1354 bonos
690 1314 742 1355 ab
776 1314 860 1355 imo
896 1314 1109 1355 suscitans
1142 1313 1194 1354 ad
1226 1313 1334 1354 bene
1358 1312 1503 1354 uiuen-

152 1373 252 1413 dum
284 1372 466 1413 extollit.
511 1373 663 1426 pinnas
685 1375 827 1413 autem
860 1372 954 1413 ideo
987 1372 1054 1412 illi
1085 1372 1283 1413 fabulosa
1309 1373 1502 1412 uetustas

152 1431 331 1484 aptauit‚
356 1434 404 1472 ut
424 1431 570 1472 adesse
592 1431 821 1472 uelocitate
850 1431 1014 1472 uolucri
1036 1431 1198 1471 cunctis
1221 1429 1504 1482 existimetur,

151 1494 195 1530 et
215 1489 492 1543 praetendere
508 1489 845 1543 gubernaculum
865 1489 982 1530 dedit
1003 1490 1125 1543 eique
1141 1488 1331 1530 subdidit
1349 1490 1503 1541 rotam,
1572 1500 1573 1529 ἱ

152 1551 200 1588 ut
231 1548 559 1589 uniuersitatem
579 1561 726 1601 regere
759 1563 834 1601 per
855 1548 1068 1589 elementa
1098 1548 1338 1588 discurrens
1361 1545 1505 1587 omnia
1523 1548 1573 1586 25}

152 1621 238 1647 non
271 1607 505 1660 ignoretur.
1572 1601 1573 1618 ἱ

271 1665 338 1705 27.
359 1664 452 1705 Hoc
468 1665 680 1706 inmaturo
696 1666 873 1706 interitu
894 1665 985 1718 ipse
1009 1678 1175 1718 quoque
1196 1664 1262 1704 sui
1282 1665 1504 1717 pertaesus

153 1723 335 1764 excessit
355 1737 376 1764 e
398 1723 488 1764 uita
521 1724 674 1764 aetatis
707 1738 818 1764 nono
853 1737 962 1764 anno
988 1726 1116 1776 atque
1144 1721 1377 1762 uicensimo
1411 1734 1506 1761 cum

154 1781 432 1835 quadriennio
466 1782 730 1834 imperasset.
792 1784 916 1822 natus
950 1780 1060 1834 apud
1091 1779 1254 1820 Tuscos
1287 1779 1332 1820 in
1362 1777 1506 1830 Massa

154 1838 423 1891 Veternensi,
455 1843 576 1892 patre
610 1838 863 1880 Constantio
897 1837 1173 1880 Constantini
1205 1838 1337 1878 fratre
1375 1837 1504 1890 impe·
1525 1851 1573 1878 3ο».

155 1897 325 1950 ratoris‚
358 1899 579 1950 matreque
600 1897 727 1938 Galla
759 1911 905 1938 sorore
926 1896 1072 1938 Rufini
1104 1899 1147 1936 et
1167 1893 1371 1948 Cerealis,
1398 1908 1505 1949 quos

153 1955 328 1996 trabeae
350 1955 597 1996 consulares
619 1955 906 1996 nobilitarunt
928 1958 971 1995 et
991 1954 1296 2008 praefecturae.
1336 1953 1405 1995 28.
1423 1952 1508 2005 fuit

156 2016 298 2053 autem
338 2014 477 2054 forma
516 2014 769 2068 conspicuus
812 2014 935 2067 bona,
979 2014 1152 2054 decente
1198 2012 1271 2053 filo
1316 2010 1507 2065 corporis

249 2161 263 2189 l
292 2156 462 2206 manibus
480 2157 604 2191 anima
629 2156 660 2190 V
660 2157 764 2201 Pbya
856 2161 876 2190 3
901 2156 1014 2190 ultrix
1032 2156 1101 2200 bya
1126 2155 1225 2189 ultra
1248 2154 1314 2188 VP
1388 2157 1406 2188 7
1423 2153 1509 2188 sub·

166 2234 282 2268 limen
314 2209 484 2268 numenis
518 2234 547 2268 V
637 2239 677 2269 13
704 2235 772 2269 hac
797 2234 1039 2278 disceptatria
1068 2233 1135 2268 VP
1229 2236 1270 2267 19
1295 2241 1447 2266 uersans
1474 2230 1509 2264 G-

165 2274 330 2313 uersabis
348 2278 449 2313 V¹Pr
462 2278 655 2314 uersabilis
679 2279 727 2312 1⁷³
737 2279 805 2323 byn,
852 2283 894 2314 :28
912 2289 1010 2313 anno
1024 2288 1090 2313 om.
1108 2278 1149 2322 by
1186 2281 1227 2311 32
1246 2276 1317 2311 fuit
1333 2277 1459 2310 autem
1472 2276 1508 2310 A

174 2323 264 2369 flac„
281 2327 303 2359 5
328 2323 415 2368 lim]
443 2324 566 2358 autem
599 2323 665 2358 VI’
690 2323 758 2357 fuit
783 2325 908 2357 autem
933 2333 999 2358 om.
1024 2323 1066 2367 by
