1573 2508
1494 0 1526 22 Γ
1571 0 1573 23 Ι

163 76 244 118 174
642 75 783 112 xv1111
807 57 839 120 ci,
869 81 988 120 15—4,
1014 82 1034 112 5
1531 0 1573 106 ἲ

160 169 235 211 ubi
266 169 381 211 enim
414 170 654 223 quiescendi
684 170 809 212 nobis
840 174 1010 224 tempus
1043 174 1109 212 est
1139 170 1300 224 datum,
1330 170 1507 225 exiguas

161 243 269 282 quae
308 231 561 282 supererant
598 229 712 270 uires
745 230 971 271 continuus
1004 244 1099 271 cum
1131 229 1344 271 insomnia
1380 228 1506 271 labor

161 287 401 340 absumpsit
434 288 642 341 sanguine
669 291 711 328 et
743 289 934 343 pallente
955 289 1243 343 expirantium
1274 288 1383 329 facie
1414 302 1505 342 per-

160 349 358 398 terrente,
391 346 545 400 quibus
577 362 630 388 ne
663 362 861 401 suprema
894 347 1065 402 quidem
1101 347 1306 389 humandi
1343 346 1506 389 solacia.

160 404 293 444 tribui
325 405 525 446 sinebant
545 406 769 461 angustiae
790 407 1041 460 spatiorum,
1072 406 1186 447 intra
1207 405 1398 448 ciuitatis
1417 419 1504 448 am·
1523 419 1541 445 5

160 462 299 503 bitum
333 478 417 505 non
447 464 628 507 nimium
661 465 830 519 amplae
864 465 1105 519 legionibus
1140 468 1304 519 septem
1336 467 1380 506 et
1410 477 1505 519 pro-

160 521 322 563 miscua
355 523 615 565 aduenarum
648 524 888 578 ciuiumque
916 539 1040 565 sexus
1067 524 1287 578 utriusque
1318 523 1443 577 plebe
1463 525 1507 564 et

159 580 371 622 militibus
404 583 501 623 aliis
539 584 685 636 paucis
725 584 775 624 ad
815 598 947 638 usque
985 597 1209 624 numerum
1248 582 1416 624 milium
1446 581 1507 622 ui-

159 639 271 692 ginti
303 641 465 682 eunetis
498 641 688 683 inclusis.
754 642 818 683 15.
850 642 1101 683 medebatur
1132 655 1235 696 ergo
1275 641 1363 682 suis
1397 644 1506 695 quis-

159 712 239 751 que
275 700 523 741 uulneribus
555 715 632 754 pro
665 701 957 754 possibilitate
990 701 1059 742 uel
1092 701 1332 742 efflantium
1371 700 1505 754 copia,
1526 712 1558 738 ιο

158 771 252 797 eum
293 758 465 812 quidam
503 759 695 813 grauiter
733 760 864 801 saucii
896 774 1045 801 cruore
1080 760 1288 802 exhausto
1327 759 1505 813 spiritus

157 816 418 858 reluctantes
451 818 659 872 efflarent,
691 818 763 859 alii
795 819 981 860 confossi
1001 818 1275 860 mucronibus
1297 817 1505 871 prostrati

158 874 201 914 in
223 889 298 916 ora
331 877 482 918 animis
516 879 559 918 in
581 880 755 919 uentum
788 878 941 918 solutis
974 877 1294 931 proiciebantur
1314 876 1506 930 extincti,

158 933 399 987 aliquorum
430 937 583 978 foratis
610 937 794 990 undique
826 936 1029 977 membris
1050 936 1210 977 mederi
1242 935 1370 989 periti
1389 938 1505 976 ueta-

157 991 263 1033 bant
296 1008 346 1033 ne
380 996 681 1037 offensionibus
721 995 853 1036 cassis
893 999 1059 1036 animae
1097 997 1356 1036 uexarentur
1388 993 1559 1035 adili-1⁵

159 1053 264 1105 ctae,
296 1067 381 1093 non
412 1054 520 1094 nulli
553 1054 762 1096 uellendis
797 1054 970 1107 sagittis
1003 1054 1047 1095 in
1080 1054 1255 1107 ancipiti
1287 1053 1505 1094 curat-ione

158 1110 360 1163 grauiora
392 1115 529 1153 morte
562 1113 773 1166 supplicia
805 1112 1092 1166 perferebant.

277 1168 319 1210 3.
357 1171 391 1210 1.
426 1171 538 1212 Dum
559 1172 669 1226 apud
691 1171 890 1212 Amidam
910 1171 988 1212 hac
1010 1171 1197 1225 partium
1217 1171 1504 1212 destinatione

157 1231 385 1283 pugnatur,
417 1229 642 1272 Vrsicinus
675 1245 881 1284 maerens,
914 1230 1025 1284 quod
1057 1245 1107 1271 ex
1147 1230 1324 1271 alterius
1355 1229 1507 1283 pende-

157 1286 232 1327 bat
264 1288 457 1342 arbitrio,
490 1289 759 1331 auctoritatis
792 1293 893 1330 time
920 1289 961 1329 in
993 1289 1180 1342 regendo
1201 1289 1339 1330 milite
1370 1291 1504 1342 potio·
1522 1299 1559 1326 20

155 1345 215 1385 ris
249 1345 530 1388 Sabinianum
563 1349 691 1390 etiam
725 1351 814 1389 tum
850 1348 1055 1402 sepulcris
1088 1347 1336 1389 haerentem
1356 1347 1504 1389 crebro

157 1406 373 1459 monebat,
404 1410 451 1447 ut
484 1408 732 1461 compositis
772 1407 1027 1448 uelitaribus
1072 1407 1233 1448 cunetis
1278 1421 1352 1460 per
1395 1406 1504 1448 imos

156 1464 283 1515 pedes
327 1466 539 1506 montium
583 1466 762 1508 occultis
807 1465 1033 1507 itineribus
1078 1468 1376 1519 properarent,
1419 1479 1502 1519 quo

155 1521 315 1564 leuium
349 1539 563 1566 armorum
596 1525 770 1578 auxilio,
803 1525 926 1579 siqua
958 1526 1045 1565 fors
1078 1524 1270 1577 iuuisset,
1308 1523 1503 1565 stationi-

156 1581 234 1621 bus
267 1582 516 1637 interceptis
548 1587 780 1625 nocturnas
812 1583 1001 1624 hostium
1028 1582 1363 1637 adgrederentur
1382 1596 1502 1624 excu-
1521 1591 1557 1619 2⁵

155 1638 262 1693 biam,
300 1655 406 1694 quae
447 1642 612 1696 ingenti
652 1642 877 1683 circumitu
915 1642 1185 1683 uallauerant
1223 1655 1384 1695 muros,
1429 1644 1503 1683 aut

156 1697 503 1742 lacessitionibus
525 1701 686 1742 crebris
719 1704 976 1754 occuparent
997 1700 1211 1742 obsidioni
1244 1701 1413 1742 sortiter
1434 1700 1502 1741 ad—

156 1756 395 1799 haerentes,
457 1760 495 1801 2.
517 1760 669 1814 quibus
698 1759 956 1801 Sabinianus
983 1760 1251 1800 renitebatur
1284 1763 1331 1800 ut
1350 1759 1503 1813 noxiis,

156 1816 298 1868 palam
332 1818 503 1871 quidem
536 1819 704 1859 litteras
739 1818 981 1871 imperiales
1014 1818 1306 1871 praetendens,
1339 1818 1501 1859 intacto

155 1875 312 1930 ubique
352 1877 489 1918 milite
529 1877 728 1932 quicquid
768 1877 860 1929 «geri
900 1877 1110 1930 potuisset
1141 1877 1311 1931 impleri
1348 1877 1555 1918 deberem)

156 1938 301 1987 aperte
347 1935 560 1989 iubentes,
606 1937 714 1977 clam
755 1950 856 1977 uero
902 1935 1025 1977 corde
1064 1936 1277 1977 altissimo
1310 1935 1499 1977 retinens

156 2008 281 2046 saepe
316 1994 356 2034 in
391 1995 598 2036 comitatu
632 1995 714 2036 sibi
747 1995 994 2044 mandatum
1029 1998 1074 2036 ut
1111 1994 1299 2048 amplam
1332 2008 1501 2035 omnem

156 2051 452 2104 adipiscendae
492 2054 630 2095 laudis
670 2053 881 2094 decessori
920 2068 994 2094 suo
1034 2053 1198 2094 ardenti
1238 2053 1378 2094 studio
1411 2053 1501 2108 glo-

246 2184 265 2211 3
286 2183 367 2222 ]103ι
393 2180 572 2213 sanouine
597 2180 762 2223 sequitur
790 2183 839 2219 18,
866 2183 898 2221 6,
926 2184 969 2214 20
994 2182 1032 2213 et
1056 2179 1227 2223 balsyriis
1259 2179 1434 2214 detentus
1458 2198 1500 2204 ——

158 2227 210 2265 18,
236 2229 267 2259 6.
294 2228 336 2257 22
362 2207 537 2258 membris
563 2225 601 2258 et
625 2224 786 2268 quedam
819 2223 906 2259 VPb
928 2235 993 2258 om.
1014 2223 1085 2258 ΟΛ
1150 2223 1325 2258 ecunctis
1340 2222 1498 2267 Eysenh.

157 2268 310 2302 concitis
330 2268 433 2302 codd.
486 2273 524 2302 13
548 2269 585 2302 in
612 2279 677 2302 ora
701 2269 894 2304 Hermann
918 2279 1043 2303 curam
1067 2268 1153 2303 VPr
1169 2278 1234 2303 om.
1252 2268 1317 2313 hya
1366 2271 1406 2302 16
1423 2267 1499 2302 uel-

155 2312 275 2347 lendie
300 2313 333 2345 A
361 2312 473 2346 uulsis
501 2315 532 2344 (ι’
559 2313 619 2347 uel
653 2313 737 2347 VPb
831 2318 873 2347 24
898 2313 1004 2357 siqua
1030 2312 1062 2347 G
1088 2324 1163 2356 qua
1193 2313 1303 2348 VPba
1388 2316 1431 2347 28
1454 2312 1498 2346 ut

156 2358 223 2402 hya
247 2359 312 2391 aut
342 2356 427 2391 V11r
519 2362 560 2391 32
587 2357 748 2402 amplam
782 2358 891 2393 Van
917 2367 1045 2392 ansam
1072 2358 1104 2392 (ι’
