1573 2508
135 62 215 104 160
633 50 756 87 XVIII
780 54 812 93 6,
839 50 970 84 17—23

133 156 207 211 qui
226 152 534 202 intentabatur,
552 146 704 202 pandit
722 158 866 186 rerum
890 143 1107 195 integram
1126 137 1252 179 fidem
1272 135 1478 188 docetque

135 213 248 269 quod
281 210 392 265 apud
423 207 613 250 Parisios
644 206 769 246 natus
801 202 846 243 in
877 200 1045 253 Galliis,
1076 199 1120 239 et
1150 193 1339 250 equestri
1370 191 1482 234 mili-

133 277 232 314 tans
265 274 407 312 turma
438 265 672 309 uindictam
704 260 917 316 quondam
949 255 1167 300 commissi
1196 251 1400 296 facinoris
1429 250 1482 292 ti-

136 345 256 373 mens
296 328 348 370 ad
385 326 538 368 Persas
577 322 743 364 abierat
778 318 1005 373 profugus,
1044 313 1277 368 exindeque
1315 322 1484 352 morum

137 388 354 445 probitate
387 386 579 439 spectata
611 380 765 422 sortita
796 377 975 430 coniuge
1007 373 1237 427 liberisque
1274 367 1483 423 susceptis
1501 380 1519 408 ⁵

140 446 455 502 speculatorem
492 458 536 483 se
569 441 748 481 missum
780 437 832 478 ad
864 437 1030 487 nostra,
1068 444 1194 485 saepe
1226 443 1350 471 ueros
1380 441 1485 470 nun-

139 507 226 548 tios
258 506 511 558 reportasse.
555 503 599 542 at
624 512 735 539 nunc
768 511 812 538 se
845 511 870 536 a
896 493 1160 545 Tamsapore
1194 491 1237 530 et
1255 485 1486 529 Nohodare

141 563 424 620 optimatibus
457 560 646 610 missum,
678 556 751 611 qui
784 557 977 596 cateruas
1004 549 1284 592 ductauerant
1313 543 1488 600 praedae

140 627 298 675 torum,
330 622 381 662 ad
414 634 485 661 eos
517 617 666 669 redire,
699 628 804 669 quae
825 612 1043 663 didicerat,
1063 607 1339 662 perlaturum.
1382 602 1489 644 Post

141 683 261 732 haec,
293 679 468 722 adiectis
502 690 609 731 quae
648 673 719 728 agi
757 673 802 714 111
838 673 960 725 parte
999 669 1170 710 diuersa
1204 666 1344 717 norat,
1383 661 1489 703 occi·
1509 672 1544 698 10

143 742 270 782 ditur.

267 798 332 839 17.
363 793 548 838 Proinde
581 805 778 834 curarum
819 787 1035 830 crescente
1075 780 1362 825 sollicitudine
1394 778 1492 820 inde

146 857 347 913 passibus
389 854 485 896 citis
523 851 724 894 Amidam
767 862 844 902 pro
888 843 1093 898 temporis
1135 840 1259 895 copia
1299 837 1492 880 uenimus

147 916 369 959 ciuitatem
400 914 551 967 postea
582 909 738 951 secutis
760 905 952 949 cladibus
985 902 1203 956 inclytam.
1253 912 1336 952 quo
1356 909 1495 938 reuer-

149 976 209 1017 sis
243 971 585 1027 exploratoribus
618 967 777 1009 nostris
809 965 854 1006 111
873 962 1056 1017 uaginae
1088 957 1268 1001 internis
1294 958 1496 997 notarum
1515 964 1549 992 15

149 1033 301 1088 figuris
341 1031 636 1072 membranam
672 1024 937 1080 repperimus
976 1019 1180 1073 scriptam
1224 1031 1250 1057 a
1286 1012 1496 1067 Procopio

151 1093 204 1134 ad
236 1106 314 1133 nos
340 1088 521 1145 perferri
551 1086 799 1128 mandatam
819 1106 874 1111 ——
896 1094 1021 1134 quem
1051 1078 1246 1131 legatum
1272 1073 1324 1115 ad
1343 1072 1497 1114 Persas

153 1154 281 1194 antea
311 1149 490 1190 missum
522 1160 617 1187 cum
648 1143 803 1185 comite
835 1138 1075 1181 Lucilliano
1108 1132 1300 1190 praedixi
1319 1155 1374 1161 -—
1394 1130 1500 1172 haec
1538 1151 1543 1166 ι

154 1209 350 1252 consulto
389 1205 612 1248 obscurius
644 1202 924 1252 indicantem,
961 1211 1014 1238 ne
1047 1194 1183 1249 captis
1220 1190 1377 1233 baiulis
1410 1202 1500 1230 sen-

155 1282 288 1323 suque
320 1266 541 1308 intellecto
581 1262 840 1316 scriptorum
879 1256 1136 1298 excitaretur
1173 1249 1355 1293 materia
1385 1248 1501 1289 fune-
1520 1257 1554 1286 πο

156 1327 359 1369 stissima.

279 1386 344 1426 18.
375 1380 638 1424 ‘Amendatis
671 1377 818 1433 procul
851 1374 1077 1416 Graiorum
1108 1369 1284 1424 legatis,
1321 1365 1505 1408 forsitan

157 1447 202 1486 et
231 1442 432 1486 necandis
465 1455 539 1482 rex
563 1439 800 1491 longaeuus
831 1448 918 1475 non
948 1432 1174 1473 contentus
1206 1426 1505 1479 Hellesponto,

158 1503 318 1545 iunctis
351 1499 526 1543 Granici
558 1500 601 1539 et
631 1493 857 1550 Rhyndaci
887 1490 1092 1546 pontibus
1123 1487 1275 1529 Asiam
1306 1499 1401 1526 cum
1431 1497 1506 1523 nu-

160 1561 341 1604 merosis
380 1557 551 1614 populis
589 1568 846 1610 peruasurus
885 1548 1099 1601 adueniet,
1144 1547 1294 1599 suopte
1332 1541 1505 1596 ingenio

159 1619 394 1664 inritabilis
417 1621 460 1659 et
479 1614 751 1669 asperrimus,
783 1612 956 1653 auctore
984 1609 1027 1648 et
1057 1606 1278 1647 incensore
1298 1598 1506 1644 Hadriani

163 1678 377 1734 quondam
409 1674 594 1717 Romani
626 1670 839 1724 Principis
872 1679 1133 1717 successore3
1167 1664 1309 1704 actum
1341 1663 1384 1702 et
1415 1672 1510 1701 con-

164 1738 397 1780 clamatum
430 1737 495 1775 est
526 1733 571 1774 ni
603 1730 764 1773 canerit
795 1725 995 1769 Graecia?

288 1796 353 1836 19.
386 1793 469 1843 Qui
500 1793 642 1833 textus
664 1786 937 1843 significabat
962 1783 1190 1824 Persarum
1209 1792 1355 1834 regem
1374 1779 1510 1818 trans-

166 1855 238 1897 itis
278 1853 524 1895 fluminibus
556 1849 735 1890 Anzaba
766 1848 809 1887 et
836 1842 1023 1897 Tigride,
1054 1838 1275 1882 Antonino
1307 1837 1510 1878 hortante

167 1913 402 1955 dominium
440 1909 617 1952 orientis
651 1906 864 1948 adfectare
902 1901 1047 1943 totius.
1107 1898 1176 1939 his
1209 1897 1264 1938 ob
1302 1891 1513 1950 perplexi-

171 1975 305 2014 tatem
354 1970 531 2011 nimiam
574 1965 811 2020 aegerrime
854 1960 979 2002 lectis
1015 1957 1243 2000 consilium
1283 1952 1514 2006 suscipitur

169 2031 367 2084 prudens.

263 2219 281 2248 7
309 2213 448 2256 Sapore
474 2212 518 2255 by
576 2208 819 2243 *nohodareo
849 2204 954 2239 VGP
979 2201 1191 2237 Hobodario
1216 2199 1260 2234 ba
1306 2200 1328 2232 8
1352 2195 1516 2230 dictaue-

172 2260 258 2294 rant
302 2258 369 2292 VP
473 2260 512 2290 17
553 2253 768 2288 mandatam
809 2261 919 2295 quem
963 2247 997 2281 G
1035 2245 1214 2281 mandata
1252 2243 1443 2285 tamquam
1489 2236 1523 2272 V

174 2342 217 2372 23
244 2337 436 2381 flongcuus
466 2333 578 2367 VPba
646 2335 689 2365 24
714 2328 904 2375 gracnicia
931 2325 999 2360 VP
1074 2321 1234 2357 Rindaci
1261 2319 1294 2354 G
1317 2292 1461 2353 randici
1489 2315 1523 2350 V
