1614 2549
4 1741 10 1769 N-
1 1344 10 1576 —dh

58 703 92 728 10

59 996 91 1021 15

57 1290 92 1315 20

59 1583 93 1608 25

405 67 742 104 CONSTANTIVS
766 68 829 103 ΕΤ
854 69 1086 105 IVLIANVS
1111 74 1175 105 361
1378 73 1460 115 261

114 177 283 204 morum
327 162 467 216 quoad
514 162 682 203 uixerat
726 163 989 218 gustauerit‚
1038 166 1086 205 ut
1130 164 1244 206 dicta
1295 166 1464 219 saepius

112 221 427 275 praetermitto.

232 280 270 321 8.
301 279 595 320 Dinumeratis
635 280 818 333 carptim
856 281 999 335 bonis,
1039 296 1147 335 quae
1186 282 1294 323 scire
1326 282 1466 336 potui-

112 352 221 392 mus,
256 352 368 379 nunc
407 337 459 378 ad
499 338 769 392 explananda
801 339 890 380 eius
923 339 1033 381 uitia
1069 341 1304 382 ueniamus.
1368 355 1465 383 cum

113 399 225 438 esset
256 396 302 437 in
332 397 521 451 negotiis
553 397 652 438 aliis
684 398 953 451 principibus
974 398 1125 439 mediis
1155 400 1465 454 conparandus‚

113 456 150 497 si
188 455 427 497 adfectatae
469 456 774 497 dominationis
814 456 1004 510 amplam
1048 458 1263 511 quandam
1307 458 1465 500 falsam

111 514 374 568 repperisset
394 517 467 555 aut
499 514 652 568 leuem,
684 514 794 556 lianc
815 515 906 556 sine
938 515 1021 556 fine
1043 516 1285 570 scrutando,
1315 516 1467 571 fasque

112 573 261 614 eodem
299 573 393 614 loco
432 573 587 614 ducens
627 576 670 614 et
706 574 846 627 nefas,
885 572 1108 628 Caligulae
1148 578 1191 616 et
1222 575 1466 616 Domitiani

112 635 155 673 et
198 630 423 673 Commodi
466 632 768 673 inmanitatem
811 632 937 673 facile
983 633 1237 687 superabat,
1283 648 1465 688 quorum

113 690 352 731 aemulatus
391 691 618 732 saeuitiam
657 691 769 732 inter
801 691 1043 745 imperandi
1075 692 1249 734 exordia
1288 695 1464 734 cunctos

113 750 321 803 sanguine
341 752 384 790 et
416 763 570 803 genere
604 764 647 791 se
669 750 969 804 contingentes
1003 751 1201 804 stirpitus
1231 751 1466 792 interemit.

112 807 151 848 9.
183 807 422 849 addebatur
452 809 708 849 miserorum
741 809 970 862 aerumnis,
1008 810 1082 863 qui
1121 809 1185 850 rei
1222 810 1465 850 maiestatis

112 867 350 908 inminutae
389 867 459 908 uel
498 867 638 908 laesae
678 867 996 921 deferebantur,
1034 868 1249 909 acerbitas
1288 868 1378 908 eius
1422 870 1467 909 et

112 925 341 967 iracundae
374 926 639 979 suspiciones
671 926 717 966 in
748 926 876 980 liuius
908 926 1024 966 modi
1057 929 1210 967 cuncta
1236 926 1464 968 distentae.

113 988 156 1025 et
188 984 330 1038 siquid
360 984 448 1025 tale
480 985 774 1038 increpuisset,
806 985 851 1025 in
871 985 1145 1038 quaestiones
1179 985 1318 1026 acrius
1347 999 1466 1026 exur-

113 1056 218 1096 gens
263 1057 392 1097 quam
434 1043 632 1097 ciuiliter,
678 1046 942 1097 spectatores
982 1043 1225 1097 adponebat
1267 1043 1335 1084 his
1381 1043 1468 1084 liti-

111 1102 190 1143 bus
222 1105 383 1155 truces,
422 1105 691 1156 mortemque
729 1102 901 1156 longius
940 1102 986 1143 in
1022 1103 1250 1155 puniendis
1290 1102 1465 1156 quibus-

112 1161 224 1215 dam,
257 1160 294 1201 si
324 1163 482 1201 natura
512 1162 796 1215 permitteret,
828 1161 1066 1202 conabatur
1086 1161 1268 1214 extendi,
1302 1161 1347 1201 in
1373 1161 1464 1202 eius

111 1219 229 1260 modi
268 1220 660 1261 controuersiarum
698 1219 898 1274 partibus
944 1221 1076 1261 etiam
1114 1219 1311 1261 Gallieno
1357 1220 1467 1261 fero-

113 1279 213 1319 cior.
255 1278 320 1319 10.
341 1278 415 1319 ille
437 1279 551 1319 enim
570 1278 915 1332 perduellionum
936 1278 1098 1319 crebris
1118 1279 1320 1332 uerisque
1344 1279 1468 1332 adpe-

111 1337 219 1378 titus
260 1337 440 1389 insidiis,
480 1337 662 1378 Aureoli
695 1340 737 1379 et
768 1336 965 1378 Postumi
1008 1340 1051 1378 et
1090 1337 1275 1392 Ingenui
1308 1339 1350 1377 et
1382 1336 1467 1378 Va-

112 1396 260 1450 lentis,
299 1400 584 1450 cognomento
628 1396 945 1450 Thessalonici‚
979 1395 1248 1450 aliorumque
1273 1395 1466 1450 plurium

112 1457 297 1496 mortem
328 1454 497 1495 factura
529 1455 710 1496 crimina
743 1455 1004 1509 aliquotiens
1025 1455 1165 1496 lenius
1198 1454 1466 1496 uindicabat:

111 1513 181 1554 hic
221 1514 352 1555 etiam
390 1513 491 1554 ficta
528 1514 599 1554 uel
637 1514 769 1555 dubia
806 1514 1010 1568 adigebat
1048 1514 1187 1555 uideri
1225 1513 1468 1554 certissima

114 1572 158 1613 ui
195 1572 331 1613 nimia
368 1575 698 1614 tormentorum.
763 1574 828 1614 11.
867 1572 1115 1627 iustumque
1147 1573 1193 1613 in
1225 1572 1316 1613 eius
1349 1571 1465 1612 modi

113 1631 256 1672 titulis
290 1631 538 1684 capitaliter
577 1632 738 1686 oderat,
783 1646 879 1673 eum
918 1631 1102 1672 maxime
1142 1631 1185 1672 id
1223 1633 1385 1685 agmet,
1416 1632 1466 1671 ut

203 1790 223 1821 2
250 1791 335 1830 post
368 1786 629 1832 praetermitto
659 1789 832 1822 secuntur
862 1786 1076 1821 huiusmodi
1105 1788 1118 1830 ss
1147 1788 1282 1821 cuncta
1310 1798 1347 1830 p.
1377 1789 1461 1828 261,

113 1834 212 1865 14—
226 1833 277 1866 22
314 1831 548 1875 aliorumque
585 1831 763 1882 plurium,
800 1831 935 1866 deinde
966 1835 1051 1875 post
1087 1831 1259 1866 lacunam
1289 1834 1333 1866 13
1372 1833 1465 1866 zitte-

114 1887 241 1911 rarum
266 1876 510 1911 dinumeratis
535 1876 694 1921 carptim
719 1879 799 1914 cett.
820 1876 909 1910 VPb
924 1876 1004 1911 sine
1026 1877 1094 1911 hae
1117 1876 1368 1921 dittoyraphia
1395 1875 1466 1911 ΘΑ

113 1926 135 1955 4
160 1921 397 1966 explananda
425 1920 530 1956 VGA
556 1921 806 1966 exemplanda
835 1921 893 1955 Pb
985 1924 1004 1954 6
1036 1921 1201 1965 amplam
1237 1920 1305 1955 VP
1337 1931 1466 1956 ansam

113 2000 149 2034 b
133 2010 180 2044 ja
274 2004 326 2070 11l
329 1999 509 2070 estirpitus
537 1999 570 2034 G
601 2000 734 2044 tirpius
764 1999 798 2033 V
818 2000 981 2043 turpiter
1005 1999 1088 2033 Pha
1182 2003 1223 2033 13
1248 1999 1311 2034 uel
1341 1999 1466 2034 laesae

116 2077 186 2112 ΘΑ
211 2077 274 2112 uel
297 2088 359 2112 sae
389 2077 424 2112 V
444 2078 543 2113 uelle
567 2079 604 2113 P
628 2088 695 2116 om
721 2078 741 2112 b
823 2082 865 2112 14
888 2077 926 2111 in
954 2078 987 2112 G
1013 2077 1101 2111 dein
1131 2077 1245 2112 VPba
1318 2084 1467 2121 sequen-

113 2123 169 2157 tia
208 2125 251 2165 (p
303 2125 615 2165 261‚14—22)
656 2124 731 2157 iam
772 2126 859 2157 ante
891 2133 932 2166 p.
971 2124 1060 2163 261,
1101 2124 1127 2156 2
1167 2126 1271 2157 erant
1311 2123 1466 2166 repetita

115 2167 171 2211 [=
191 2166 390 2211 VVPPbb]
486 2169 629 2202 cuncta
649 2167 790 2202 VVPP
820 2179 905 2202 cum
938 2168 977 2202 et
1005 2177 1027 2201 a
1061 2167 1130 2201 VP
1223 2171 1264 2202 17
1290 2168 1467 2201 mortem-

114 2223 186 2264 que
216 2211 401 2247 VVPPbb
427 2212 499 2247 ΘΑ
521 2213 718 2257 morteque
748 2212 839 2247 VPb
900 2216 940 2246 21
969 2211 1133 2246 adsiduis
1162 2212 1190 2246 V
1247 2214 1317 2246 *22
1342 2212 1464 2246 tbesa-

112 2257 187 2291 nici
216 2257 251 2291 V
339 2259 410 2292 *23
447 2224 673 2302 aliquotiens
712 2257 746 2291 G
777 2258 948 2301 quotiens
985 2257 1099 2291 VPba
1191 2261 1234 2292 24
1259 2257 1347 2292 ficta
1370 2257 1466 2291 Her-

113 2313 227 2336 mann
249 2301 352 2337 facta
375 2303 478 2340 codd.
549 2306 592 2337 25
616 2302 744 2347 nimia]
779 2313 851 2336 nea
879 2302 947 2337 VP
976 2311 1042 2336 om.
1078 2302 1145 2347 ὒ9ιι
1235 2300 1466 2346 iustumque]

115 2345 284 2390 Tumque
314 2346 452 2392 VPbya
545 2349 612 2381 *26
637 2347 849 2392 capitaliter
877 2346 910 2381 G-
935 2346 1089 2391 capitali
1120 2347 1234 2382 VPba
