1573 2508
99 103 180 146 100
625 98 712 134 xvi
738 101 790 141 12,
817 99 948 133 12-19

98 198 199 251 post
241 195 376 236 otium
422 193 589 248 cibique
632 193 910 234 refectionem
949 195 993 234 et
1035 196 1181 248 potus,
1225 194 1328 250 quid
1368 207 1448 236 nos
1540 211 1557 255 ξ

102 254 302 310 agimus?
335 267 419 307 quo
440 252 590 306 uigore
609 250 752 293 inedia
771 251 845 292 siti
866 250 1097 306 laboreque
1117 253 1322 295 membris
1340 267 1449 295 mar-

101 313 295 355 centibus
311 309 612 353 occurramus‘?
636 310 700 352 12.
716 323 818 364 ergo
835 309 1036 364 quoniam
1050 312 1237 366 negotiis
1248 310 1451 354 difficilli-

102 372 182 413 mis
227 385 353 424 saepe
389 368 615 423 dispositio
655 368 915 423 tempestiua
945 370 1165 423 prospexit
1206 373 1250 413 et
1289 373 1450 413 statum

102 429 345 472 nutantium
377 442 519 469 rerum
550 430 668 469 recto
701 426 881 469 consilio
915 427 959 468 in
989 428 1146 470 bonam
1185 431 1485 483 partem—-ac-r»
1543 454 1547 459 ›

103 490 225 543 cepto
247 487 504 542 aliquotiens
526 486 670 528 diuina
699 486 887 528 remedia
905 490 1172 541 repararunt,
1203 487 1272 529 hic
1293 501 1450 543 quaeso
1540 485 1558 515 l

105 547 218 589 uallo
257 547 456 600 fossaque
499 545 749 587 circumdati
788 545 937 586 diuisis
978 546 1142 600 uigiliis
1185 546 1451 601 quiescamus

105 620 339 660 somnoque
371 608 411 645 et
446 604 561 645 uictu
594 604 794 658 congruis
831 604 960 658 potiti
993 619 1071 658 pro
1111 607 1314 659 tempore,
1348 619 1452 659 pace

103 665 171 706 dei
192 665 250 706 sit
269 664 440 716 dictum,
471 662 810 717 triumphaturas
831 663 997 717 aquilas
1019 667 1060 704 et
1080 664 1238 705 uexilla
1259 663 1455 706 uictricia

104 723 244 777 primo
275 723 382 764 lucis
414 736 662 763 moneamus
695 721 894 763 exordio'.
1474 733 1506 758 10

226 782 292 823 13.
306 780 397 822 Nec
411 780 526 822 finiri
540 781 733 835 perpessi
749 795 855 836 quae
876 780 1139 834 dicebantur,
1155 781 1338 822 stridore
1358 781 1454 822 den-

105 842 215 883 tium
258 839 549 881 infrendentes
594 840 873 894 ardoremque
917 839 1137 893 pugnandi
1179 839 1318 881 hastis
1361 838 1456 880 inli-

105 900 242 941 dendo
277 903 397 940 scuta
428 901 731 951 monstrantes,
763 899 807 939 in
838 898 1008 939 hostem
1041 913 1084 939 se
1116 898 1212 940 duci
1244 898 1329 940 iam
1361 911 1456 939 con-

108 959 303 1012 spicuum
336 957 582 1010 exorabant,
614 958 811 999 caelestis
843 957 911 998 dei
943 956 1090 998 fauore
1123 957 1359 1011 fiduciaque
1391 956 1457 998 sui

106 1020 150 1058 et
181 1017 391 1058 fortunati
409 1016 588 1057 rectoris
611 1016 798 1070 expertis
825 1016 1059 1057 uirtutibus
1092 1016 1205 1069 freti,
1238 1017 1379 1069 atque,
1410 1017 1458 1056 ut
1478 1025 1510 1051 15

109 1076 248 1117 exitus
267 1075 434 1125 docuit,
460 1074 664 1116 salutaris
683 1075 855 1129 quidam
878 1074 1029 1128 genius
1049 1089 1250 1128 praesens
1266 1074 1318 1115 ad
1338 1073 1458 1115 dimi-

109 1134 290 1175 candum
316 1148 402 1186 eos,
434 1133 532 1174 dum
555 1134 701 1175 adesse
726 1134 881 1187 potuit,
914 1133 1137 1174 incitabat.
1188 1133 1255 1174 14.
1281 1133 1461 1174 accessit

109 1193 207 1234 huic
246 1191 462 1234 alacritati
501 1192 653 1245 plenus
691 1192 902 1233 celsarum
946 1194 1210 1245 potest-atum
1255 1191 1458 1232 adsensus

109 1251 378 1305 maximeque
421 1250 630 1292 Florentii
673 1251 880 1304 praefecti
929 1250 1170 1304 praetorio,
1221 1249 1460 1303 periculose

110 1310 283 1364 quidem
315 1310 387 1351 sed
418 1309 585 1351 ratione
618 1309 801 1351 secunda
833 1309 1107 1363 pugnandum
1129 1323 1221 1350 esse
1249 1308 1460 1350 censentis
1479 1319 1513 1344 20

115 1369 217 1410 dum
248 1369 461 1409 instarent
491 1368 665 1410 barbari
698 1367 959 1422 conglobati,
992 1368 1064 1422 qui
1097 1367 1132 1408 si
1163 1366 1462 1419 diffluxissent,

111 1431 277 1469 motum
297 1426 450 1468 militis
484 1427 527 1467 in
561 1427 792 1468 seditiones
819 1426 966 1467 natiuo
998 1426 1138 1467 calore
1171 1425 1461 1480 propensioris

112 1486 215 1527 ferri
247 1500 335 1527 non
366 1500 491 1539 posse
525 1485 680 1539 aiebat,
713 1488 926 1526 extortam
948 1485 1031 1525 sibi
1052 1484 1291 1537 uictoriam,
1324 1486 1372 1525 ut
1390 1498 1463 1537 pu-

111 1545 236 1597 tauit,
267 1559 354 1585 non
394 1545 485 1585 sine
519 1544 769 1585 ultimorum
802 1546 958 1585 conatu
990 1543 1181 1597 grauiter
1223 1542 1463 1584 toleraturi.

117 1603 182 1644 15.
203 1603 423 1644 addiderat
438 1606 581 1644 autem
596 1603 794 1644 fiduciam
808 1602 968 1643 nostris
984 1602 1269 1643 consideratio
1293 1601 1465 1656 gemina
1483 1612 1517 1637 2⁵

114 1662 439 1702 recordantibus
473 1661 584 1715 quod
618 1676 727 1701 anno
768 1676 902 1714 nuper
941 1675 1112 1702 emenso
1145 1659 1352 1701 Romanis
1389 1673 1465 1713 per

113 1720 429 1762 transrhenana
466 1720 606 1772 spatia
638 1720 773 1761 fusius
812 1719 1097 1761 uolitantibus
1136 1733 1213 1760 nec
1250 1719 1367 1760 uisus
1400 1720 1467 1759 est

115 1780 341 1833 quisquam
373 1778 476 1819 laris
509 1778 574 1819 sui
607 1779 803 1819 defensor
835 1793 911 1819 nec
933 1778 1084 1819 obuius
1118 1778 1240 1818 stetit
1273 1777 1345 1817 sed
1371 1791 1466 1818 con-

117 1837 242 1879 caede
285 1838 485 1878 arborum
526 1837 656 1878 densa
696 1837 880 1890 undique
924 1837 1088 1877 semitis
1131 1836 1286 1876 clausis
1329 1835 1466 1876 sidere

120 1899 265 1939 urente
297 1896 483 1936 brumali
517 1909 642 1950 aegre
664 1896 806 1936 uixere
839 1895 1014 1936 barbari
1048 1895 1217 1948 longius
1239 1893 1467 1947 amendati,
1487 1906 1521 1932 30

118 1955 314 2009 qnodque
347 1955 605 2008 imperatore
626 1958 764 1996 terras
786 1968 933 1994 eorum
954 1954 1149 2008 ingresso
1170 1968 1246 1994 nec
1266 1953 1467 1994 resistere

120 2014 212 2055 ausi
231 2029 307 2054 nec
329 2027 534 2066 apparere
568 2028 714 2067 pacem
746 2013 1085 2066 impetrauerant
1119 2011 1369 2066 suppliciter
1397 2010 1469 2051 ob-

123 2075 350 2112 secrantes.
407 2073 470 2112 1⁴3.
492 2072 564 2113 sed
596 2072 740 2113 nullus
774 2075 983 2113 mutatam
1016 2071 1228 2112 rationem
1260 2069 1468 2123 temporis

211 2251 232 2281 3
259 2256 347 2290 crgo
375 2245 408 2279 G
435 2256 582 2288 quoquc
616 2256 704 2288 ergo
736 2244 802 2279 1'12
897 2248 936 2278 14
969 2243 1138 2278 caelestis
1160 2242 1365 2277 Lindenbr.
1389 2252 1473 2276 caed

122 2290 198 2326 litis
236 2289 302 2323 VG
327 2290 395 2324 lac.
420 2294 441 2324 8
466 2290 535 2325 lice.
561 2289 597 2324 R
622 2289 760 2333 quippe
787 2289 850 2332 qui
875 2289 919 2322 ba
1011 2292 1054 2322 20
1079 2286 1265 2322 consentis
1296 2285 1362 2320 VP
1387 2297 1469 2321 con-

123 2333 318 2371 sentientis
352 2334 420 2379 bqa
510 2338 553 2368 29
584 2334 754 2368 arborum
796 2333 829 2367 G
866 2344 1052 2368 armorum
1093 2331 1180 2367 VPb
1216 2341 1401 2366 ramorum
1435 2331 1472 2366 A

124 2385 166 2414 32
192 2380 270 2414 ausi
294 2379 363 2413 GA
390 2390 477 2413 auso
509 2378 596 2413 VPb
