1614 2549
373 75 713 113 CONSTANTIVS
737 76 798 111 ET
822 77 1056 113 IVLIANVS
1080 81 1145 113 360
1355 77 1439 120 219

87 185 255 226 graues,
292 171 466 212 tandem
504 170 774 212 transfretati
811 186 888 225 per
920 171 1162 226 Bosporum
1192 172 1439 215 itineribus-

87 244 167 284 que
212 229 341 270 lentis
384 229 628 283 progressi,
678 229 790 283 apud
835 229 1089 272 Caesaream
1140 229 1437 286 Cappadociae

87 288 219 329 etiam
249 289 342 329 tum
374 288 600 342 degentem
631 288 832 329 inuenere
865 287 1178 343 Constantium,
1217 289 1436 333 Mazacam

86 345 267 387 antehac
297 346 576 400 nominatam,
610 348 865 399 oportimam
885 347 1034 388 urbem
1055 349 1098 388 et
1117 323 1331 390 celebrem
1357 351 1435 392 sub

44 423 70 448 .5
89 403 253 458 Argaei
284 405 444 446 montis
476 379 656 458 pedibus
689 405 831 445 sitam.
893 406 931 446 2.
964 406 1037 460 qui
1068 406 1307 449 intromissi
1338 408 1438 450 data

87 464 303 516 potestate
336 463 520 504 offerunt
551 463 711 516 scripta
740 463 893 517 hisque
918 464 1109 506 recitatis
1130 466 1246 506 ultra
1264 467 1437 509 modum

86 521 241 562 solitae
280 521 588 575 indignationis
629 522 856 563 excanduit
893 522 1138 577 imperator,
1177 524 1436 580 limibusque

86 579 221 620 oculis
261 594 332 621 eos
372 580 425 621 ad
462 594 596 634 usque
637 582 799 621 metum
838 583 1041 622 contuens
1081 583 1245 636 mortis,
1290 584 1436 638 egredi

84 637 227 691 iussit,
271 637 382 679 nihil
426 641 525 692 post
568 638 674 680 haec
717 641 992 693 percontatus
1039 640 1108 680 uel
1153 641 1299 683 audire
1342 657 1436 696 per-

31 715 67 740 10
85 710 248 749 pessus.

207 755 245 795 3.
277 754 503 796 Perculsus
536 758 683 796 tamen
715 755 914 796 ardenter
947 757 1217 798 cunctatione
1255 759 1437 814 stringe-

85 812 214 853 batur
247 813 462 867 ambigua,
506 816 653 854 utrum
691 814 736 854 in
766 813 922 855 Persas
955 829 1010 855 an
1042 818 1190 856 contra
1221 815 1437 859 Iulianum

86 871 254 912 moueri
286 872 454 913 iuberet
486 872 597 913 acies
631 872 784 926 quibus
819 872 990 926 fidebat,
1028 873 1332 929 haesitansque
1365 876 1437 918 diu

84 930 305 983 perpensis
339 930 531 971 consiliis
564 930 697 971 flexus
731 932 796 970 est
816 906 1082 984 quoruntlam
1114 933 1327 975 sententia
1357 936 1438 976 uti-

32 1006 66 1032 15
86 988 193 1029 lium
225 1003 460 1042 suasorum,
493 991 535 1029 et
567 989 651 1029 iter
684 988 893 1029 orientem
926 1003 1073 1031 uersus
1095 990 1238 1032 edixit.
1288 992 1326 1033 4.
1353 995 1436 1035 sta-

85 1046 165 1086 tim
197 1048 343 1087 tamen
374 1049 417 1087 et
447 1047 616 1101 legatos
650 1047 838 1088 absoluit
870 1050 911 1088 et
942 1047 1132 1089 Leonam
1165 1052 1436 1103 quaestorem

85 1119 209 1146 suum
240 1105 285 1146 in
317 1104 483 1147 Gallias
517 1120 611 1146 cum
653 1105 812 1146 litteris
845 1106 956 1147 datis
999 1107 1051 1148 ad
1088 1107 1303 1150 Iulianum
1343 1125 1436 1164 per-

85 1176 186 1217 gere
209 1164 337 1204 celeri
369 1165 522 1205 statuit
553 1164 701 1218 gradu,
733 1164 843 1206 nihil
876 1168 1134 1207 nouatorum
1166 1181 1210 1208 se
1234 1167 1434 1210 adserens

86 1222 338 1276 suscepisse,
371 1225 412 1263 et
439 1237 547 1276 eum⁷
581 1223 617 1263 si
644 1223 773 1264 saluti
806 1238 906 1264 suae
938 1225 1313 1280 proximorumque
1340 1242 1436 1269 con-

28 1299 65 1324 20
87 1280 202 1334 sulit,
234 1282 419 1322 tumenti
451 1281 556 1322 flatu
576 1281 773 1335 deposito
807 1282 922 1323 intra
943 1281 1139 1324 Caesaris
1173 1299 1216 1325 se
1248 1287 1436 1338 potesta-

83 1342 172 1380 tem
204 1340 421 1381 continere
452 1340 734 1394 praecipiens.
796 1341 834 1381 5.
854 1342 985 1395 utque
1018 1341 1060 1382 id
1091 1341 1217 1383 facile
1249 1343 1434 1385 formido

84 1398 396 1440 intentatorum
428 1398 627 1452 efficeret,
665 1399 786 1440 uelut
817 1399 986 1453 magnis
1019 1400 1183 1442 uiribus
1223 1401 1358 1444 fretus
1391 1403 1436 1444 in

84 1456 226 1498 locum
258 1456 471 1498 Florentii
501 1457 766 1511 praefectum
798 1459 1016 1511 praetorio
1049 1458 1306 1501 Nebridium
1343 1463 1435 1503 tum

85 1518 357 1569 quaestorem
389 1516 579 1557 eiusdem
611 1514 806 1558 Caesaris
845 1520 1131 1571 promouerat‚
1174 1521 1217 1559 et
1247 1517 1435 1561 Felicem

28 1591 65 1616 25
82 1574 300 1615 notarium
332 1574 574 1615 officiorum
605 1575 862 1629 magistrum
884 1578 926 1616 et
947 1576 1154 1630 quosdam
1181 1577 1302 1618 alios.
1353 1578 1435 1620 Gu-

83 1633 296 1673 moarium
348 1633 462 1673 enim
513 1648 803 1675 successorem
841 1633 1041 1687 Lupicini
1084 1637 1315 1690 antequam
1358 1638 1436 1678 sci-

83 1693 201 1732 retur
239 1691 365 1732 huius
407 1691 523 1732 modi
564 1693 793 1746 quicquam
834 1693 1090 1746 magistrum
1133 1695 1334 1747 prouexit
1374 1711 1437 1737 ar·

84 1764 263 1791 morum.

204 1809 243 1850 6.
274 1807 499 1862 Ingressus
533 1809 678 1863 itaque
711 1808 901 1850 Parisios
935 1809 1102 1850 Leonas
1136 1814 1356 1864 susceptus
1389 1816 1437 1854 ut

29 1884 65 1909 30
84 1867 322 1908 honoratus
356 1870 399 1907 et
435 1868 633 1921 prudens,
671 1867 880 1921 postridie
912 1868 1097 1921 principi
1128 1882 1359 1923 progresso
1392 1871 1438 1912 in

85 1940 283 1980 campum
322 1940 417 1966 cum
455 1925 730 1967 multitudine
771 1929 937 1966 armata
975 1927 1138 1980 pariter
1176 1930 1218 1968 et
1254 1928 1437 1983 plebeia,

0 2016 3 2062 ἰ
178 2028 195 2057 1
227 2023 428 2067 bosporum
463 2023 500 2056 P
534 2022 735 2066 hosporum
777 2023 811 2055 V
841 2022 1068 2067 bosphorum
1106 2024 1173 2067 hya
1266 2029 1286 2059 5
1322 2025 1438 2071 Argei

0 2067 1 2070 ’
84 2068 222 2102 montis
252 2067 410 2113 pedibus
443 2067 477 2101 G
507 2067 738 2112 argumentis
767 2067 918 2112 pidibus
953 2067 1021 2101 VP
1112 2072 1132 2101 6
1158 2068 1257 2114 ultra
1286 2070 1436 2115 modern

85 2146 210 2180 *ultra
240 2145 391 2179 modum
427 2145 462 2179 V
551 2149 569 2179 7
601 2145 773 2188 limisque
805 2146 871 2190 bqa
963 2149 983 2180 8
1008 2147 1127 2180 morte
1157 2145 1192 2179 V
1282 2149 1321 2180 11
1353 2156 1437 2190 per-

87 2191 208 2225 culsus
232 2200 298 2224 om.
323 2190 382 2225 Pb
435 2194 476 2225 13
502 2189 644 2224 fidebat
671 2190 704 2224 G
728 2190 882 2224 uidebat
910 2190 977 2225 VP
994 2190 1149 2225 ualebat
1172 2191 1215 2225 ba
1279 2195 1321 2224 14
1348 2201 1437 2234 quo-

1 2263 3 2266 .
84 2235 245 2269 rundam
277 2235 464 2269 sententia
494 2235 561 2287 ὂ9ᾳ
592 2234 779 2286 quondam
810 2235 1036 2269 sententiam
1072 2235 1139 2269 VP
1217 2239 1256 2270 15
1281 2236 1437 2269 suaden-

0 2298 3 2315 ι
86 2281 182 2314 tium
207 2281 275 2325 bya
346 2284 387 2314 19
413 2281 451 2314 et
479 2280 611 2323 scripsi
635 2279 701 2314 sed
725 2279 828 2315 codd.
898 2284 941 2315 23
972 2279 1175 2314 nibridium
1204 2280 1239 2314 V
1304 2284 1347 2314 25
1372 2291 1439 2324 gu—

89 2357 299 2392 moharium
329 2357 434 2394 VGP
495 2361 537 2393 31
562 2369 600 2392 m
630 2357 674 2393 Vl
701 2359 738 2393 et
762 2358 828 2403 bya
