1614 2549
389 43 725 79 CONSTANTIVS
750 43 812 78 ET
838 43 1026 79 GALLVS
1051 49 1117 80 354
1373 46 1432 89 39

82 141 151 179 est
168 138 424 179 remissurus
444 140 492 178 ut
523 138 641 179 mitis
663 141 706 179 et
738 138 935 191 clemens,
966 139 1306 193 participemque
1333 154 1432 180 eum

85 211 185 238 suae
217 196 457 237 maiestatis
490 196 757 249 adscisceret,
795 196 985 238 futurum
1023 197 1222 238 laborum
1261 211 1428 252 quoque

85 254 258 308 socium,
291 269 395 309 quos
415 254 602 296 Arctoae
634 255 880 309 prouinciae
913 255 985 296 diu
1015 255 1155 297 fessae
1180 256 1429 309 poscebant.

86 313 151 354 12.
165 315 296 367 utque
317 313 458 354 solent
476 328 650 354 manum
670 314 975 354 iniectantibus
995 314 1098 355 fatis
1119 314 1318 355 hebetari
1338 328 1429 354 sen-

44 391 64 416 5
85 386 154 412 sus
186 371 410 413 hominum
442 374 484 412 et
515 372 714 426 obtundi,
751 371 820 412 his
852 372 1083 413 incelebris
1117 372 1170 413 ad
1201 372 1430 414 meliorum

84 430 426 484 expectationem
465 433 632 471 erectus
672 443 954 484 egressusque
985 430 1220 471 Antiochia
1257 431 1430 472 numine

83 488 206 529 laeuo
239 489 439 529 ductante
471 503 645 542 prorsus
678 489 740 529 ire
772 488 978 529 tendebat
1009 489 1059 529 de
1091 488 1226 541 fumo,
1257 492 1305 530 ut
1334 504 1431 543 pro-

82 547 278 587 uerbium
321 547 511 601 loquitur
555 549 696 600 uetus,
742 547 795 588 ad
837 547 1075 601 flammam,
1121 550 1164 588 et
1207 547 1428 601 ingressus

83 604 504 659 Constantinopolim
540 608 763 659 tamquam
801 606 846 646 in
877 606 1003 646 rebus
1045 605 1263 659 prosperis
1297 609 1340 647 et
1371 620 1432 646 se·

30 683 64 709 10
84 664 207 717 curis,
240 663 366 704 editis
399 664 670 718 equestribus
703 664 814 705 ludis
848 664 979 718 capiti
1012 663 1221 705 Thoracis
1255 664 1430 718 aurigae

83 736 286 763 coronam
318 722 509 776 inposuit
540 725 588 763 ut
619 723 809 764 uictoris.

203 781 268 822 13.
284 780 376 830 Quo
392 781 564 835 cognito
581 780 858 822 Constantius
879 781 994 822 ultra
1015 781 1245 822 mortalem
1259 781 1432 822 modum

83 839 245 880 exarsit
277 854 326 881 ac
356 854 494 893 nequo
528 854 629 881 casu
660 840 773 880 idem
794 839 946 880 Gallus
979 840 1029 880 de
1054 839 1210 880 futuris
1244 839 1430 880 incertus

83 898 250 952 agitare
290 898 498 952 quaedam
530 898 808 939 conducentia
846 898 979 939 saluti
1018 912 1118 939 suae
1158 912 1234 951 per
1272 898 1431 938 itinera

30 969 64 995 15
85 959 329 1010 conaretur,
378 957 534 997 remoti
579 960 678 998 sunt
722 971 869 997 omnes
914 956 964 997 de
1014 956 1226 997 industria
1269 956 1430 996 milites

85 1018 263 1068 agentes
284 1015 330 1056 in
350 1015 599 1056 ciuitatibus
619 1016 792 1069 peruiis.
828 1016 893 1056 14.
907 1029 1041 1069 eoque
1055 1018 1248 1068 tempore
1264 1014 1432 1056 Taurus

85 1076 286 1127 quaestor
318 1073 372 1114 ad
403 1073 655 1114 Armeniam
692 1074 850 1115 missus
890 1073 1150 1115 confidenter
1180 1087 1258 1114 nec
1291 1073 1434 1126 appel—

84 1132 175 1173 lato
208 1146 257 1173 eo
288 1146 366 1173 nec
397 1132 491 1173 uiso
523 1133 740 1173 transiuit.
784 1147 939 1173 uenere
970 1135 1117 1173 tamen
1149 1131 1284 1185 aliqui
1315 1132 1432 1175 iussu

85 1191 358 1244 imperatoris
392 1191 813 1232 administrationum
846 1190 986 1244 specie
1017 1190 1304 1243 diuersarum,
1336 1204 1434 1230 eun-

31 1263 66 1287 20
85 1249 181 1289 dem
212 1263 266 1289 ne
298 1263 567 1290 commouere
600 1264 644 1290 se
677 1252 836 1302 posset,
862 1263 970 1290 neue
1002 1251 1238 1302 temptaret
1270 1248 1435 1302 aliquid

86 1308 250 1349 occulte
291 1307 562 1360 custodituri,
607 1308 719 1348 inter
757 1322 863 1361 quos
902 1307 1107 1348 Leontius
1146 1309 1250 1360 erat,
1282 1309 1434 1360 postea

84 1366 181 1406 urbi
219 1365 462 1419 praefectus
500 1369 547 1407 ut
580 1368 799 1420 quaestor,
837 1368 880 1406 et
910 1365 1175 1406 Lucillianus
1209 1365 1333 1419 quasi
1365 1365 1435 1406 do-

84 1424 361 1465 mesticorum
377 1438 518 1465 comes
546 1427 588 1465 et
609 1423 903 1465 Scutariorum
923 1424 1122 1465 tribunus
1142 1423 1316 1465 nomine
1339 1423 1436 1464 Bai-

84 1483 316 1524 nobaudes.
351 1482 415 1524 15.
430 1483 612 1524 emensis
634 1483 779 1537 itaque
799 1483 941 1537 longis
963 1482 1207 1524 interuallis
1229 1484 1271 1523 et
1290 1482 1434 1535 planis

31 1554 65 1580 25
86 1555 180 1582 cum
198 1541 558 1595 Hadrianopolim
588 1542 812 1583 introisset
842 1542 994 1582 urbem
1012 1540 1435 1593 Haemimontanam‚

84 1599 375 1641 Vscudamam
406 1600 589 1641 antehac
609 1600 886 1654 appellatam,
917 1600 1138 1654 fessasque
1171 1599 1321 1640 labore
1351 1599 1435 1640 die-

85 1658 164 1699 bus
196 1658 418 1699 duodecim
448 1673 647 1700 recreans
679 1659 794 1700 uires
826 1658 1019 1712 conperit
1043 1657 1268 1699 Thebaeas
1302 1658 1435 1711 legio—

83 1731 160 1757 nes
192 1716 237 1757 in
267 1716 420 1758 uicinis
453 1717 622 1771 oppidis
642 1716 882 1758 hiemantes
904 1719 1123 1758 consortes
1145 1731 1244 1757 suos
1265 1716 1436 1757 misisse

87 1775 307 1829 quosdam,
339 1789 436 1816 eum
467 1778 515 1817 ut
546 1778 788 1817 remaneret
817 1776 1041 1829 promissis
1062 1775 1158 1816 fidis
1186 1774 1436 1816 hortaturos

32 1845 68 1871 30
88 1836 130 1874 et
160 1833 310 1887 firmis,
342 1835 409 1875 sui
440 1834 595 1875 fiducia
628 1834 796 1875 abunde
826 1849 903 1888 per
935 1834 1144 1875 stationes
1176 1833 1309 1874 locati
1342 1847 1438 1874 con—

86 1891 205 1945 fines,
237 1892 311 1933 sed
331 1892 590 1934 obseruante
611 1907 713 1933 cura
732 1892 938 1946 peruigili
957 1892 1252 1946 proximorum
1271 1891 1441 1932 nullam

86 1950 259 1992 uidendi
296 1951 366 1991 uel
405 1950 605 1993 audiendi
644 1965 752 2005 quae
790 1950 988 1992 ferebant
1025 1950 1161 1991 furari
1199 1950 1342 2003 potuit
1379 1949 1442 1991 fa-

177 2107 197 2137 2
222 2102 364 2138 adsciso
390 2105 428 2138 et
446 2103 481 2137 V
500 2103 725 2139 adscisceret
741 2104 781 2139 C.
795 2104 840 2139 F.
860 2104 916 2139 W.
931 2104 1080 2139 Mu'ller.
1119 2107 1139 2138 6
1166 2105 1310 2139 erectus
1335 2104 1440 2148 Pbya

89 2182 212 2216 rectus
241 2180 272 2214 V
343 2186 383 2216 10
408 2150 762 2226 {agiliassleogaiiliracis
791 2182 826 2216 V
846 2182 961 2227 capiti
986 2181 1135 2217 Coracis
1159 2183 1229 2226 bya
1295 2186 1335 2216 14
1359 2182 1439 2226 agi-

88 2226 189 2260 taret
216 2225 284 2261 VP
342 2230 384 2260 22
409 2227 448 2261 et
471 2226 539 2271 bqa
562 2227 606 2261 ut
634 2226 702 2262 VP
758 2231 801 2262 26
826 2227 1073 2261 uscudumam
1103 2226 1218 2261 VPba
1272 2230 1314 2261 30
1338 2225 1439 2260 locat

86 2269 197 2349 {fidi
221 2274 293 2360 bjal
319 2271 495 2316 peruigili
524 2271 687 2317 V²Pb9a
711 2272 892 2316 perusgili
921 2271 972 2305 V¹
1067 2275 1110 2307 32
1137 2270 1290 2306 didendi
1320 2270 1354 2305 V
1384 2269 1440 2304 di-
