1573 2508
110 38 194 80 266
626 36 729 72 xxn
752 41 784 80 2,
812 41 908 80 1—3‚
934 40 954 73 5
1271 27 1273 29 ’
1468 0 1481 3 ¹*
1532 0 1573 107 1

111 133 197 174 fixa
228 136 373 174 tamen
405 131 611 173 firmitate
644 131 882 172 consistens
915 131 1031 173 intra
1062 132 1269 173 terminos
1301 130 1460 174 Daciae

113 208 156 234 se
189 191 450 243 continebat,
483 190 543 230 sic
575 204 742 244 quoque
780 190 968 244 plurima
1003 190 1323 244 pertimescens.
1383 205 1459 233 nec

113 252 226 292 enim
260 253 433 291 cautum
471 248 654 289 ducebat
692 249 949 290 coniecturis
990 249 1157 290 credere
1195 249 1379 290 forsitan
1417 249 1461 290 in

112 309 374 351 contrarium
407 307 634 361 erupturis.

233 366 275 408 ⁸2.
312 367 347 407 1.
385 365 504 407 Inter
543 380 650 420 quae
694 369 784 407 tam
830 381 1036 420 suspensa
1075 366 1282 407 aduenere
1314 366 1495 408 subito⁵

112 426 235 469 missi
268 425 319 466 ad
353 440 449 466 eum
488 425 623 478 legati
656 424 908 466 Theolaifus
953 428 1081 479 atque
1119 423 1350 479 Aligildus,
1394 424 1461 466 de-

112 486 308 526 functum
354 482 657 525 Constantium
701 483 970 536 nuntiantes,
1015 483 1302 537 addentesque
1347 482 1461 537 quod

113 559 210 585 eum
231 557 334 584 uoce
367 557 569 596 suprema
601 557 889 584 successorem
911 557 1011 583 suae
1042 542 1193 583 fecerit
1217 541 1460 595 potestatis.

112 603 151 644 2.
185 616 268 656 qua
298 616 343 642 re
383 602 558 655 cognita
595 604 694 655 post
733 603 952 655 exemptos
989 601 1279 654 periculorum
1317 602 1460 641 aestus

113 664 156 702 et
189 660 442 701 bellicarum
475 659 817 701 sollicitudinum
849 659 997 701 turbas
1023 660 1067 700 in
1100 660 1340 700 inmensum
1378 658 1461 700 ela·
1482 673 1515 698 10
1559 667 1565 693 t

112 723 195 773 tus,
227 719 398 773 iamque
431 718 649 760 uaticiniis
683 718 855 759 credens
889 721 931 759 et
969 718 1234 759 celeritatem
1272 717 1461 772 negotiis
1560 712 1565 730 ³

114 778 200 820 suis
235 777 495 831 aliquotiens
529 777 739 831 profuisse
761 780 971 831 expertus,
1004 777 1137 818 edixit
1157 776 1239 817 iter
1264 776 1309 817 in
1329 775 1462 817 Thra-

112 837 213 889 cias,
245 836 459 890 motisque
491 850 672 889 propere
711 836 846 890 signis
881 850 1052 876 emensa
1084 835 1330 876 decliuitate
1363 833 1462 875 Sue—

112 910 259 937 corum
281 894 622 948 Philippopolim
642 895 764 948 petit,
789 894 1077 948 Eumolpiada
1097 897 1298 947 ueterem,
1330 892 1462 934 alacri

113 953 262 1008 gradu,
294 953 571 1008 sequentibus
606 968 711 1007 quos
744 954 924 995 duxerat
957 953 1133 994 cunctis.
1195 952 1234 993 3.
1269 951 1461 993 aduerte·
1481 965 1514 990 15

111 1013 219 1053 bant
251 1012 364 1052 enim
397 1012 635 1065 imperium,
669 1012 780 1066 quod
802 1015 995 1065 ereptum
1028 1012 1148 1052 ibant
1175 1026 1270 1052 eum
1289 1010 1462 1052 ultimo-

113 1085 209 1112 rum
242 1073 358 1111 metu
397 1070 706 1122 discriminum,
749 1073 918 1123 praeter
963 1085 1082 1124 spem
1116 1069 1331 1110 ordinario
1370 1068 1461 1109 iure

115 1143 376 1171 concessum.
438 1131 570 1183 utque
610 1128 722 1169 solet
759 1128 876 1170 fama
912 1129 1129 1170 nouit-ates
1162 1140 1332 1182 augere,
1368 1140 1462 1180 pro-

113 1188 294 1242 perabat
326 1187 476 1228 exinde
509 1187 737 1228 sublimior
758 1190 805 1228 ut
826 1187 1013 1241 quodam
1032 1186 1293 1240 Triptolemi
1325 1199 1463 1238 curru,

115 1261 242 1302 quem
276 1246 329 1287 ob
363 1246 534 1300 rapidos
568 1247 905 1300 circumgressus
945 1246 1071 1286 aeriis
1111 1244 1381 1298 serpentibus
1420 1246 1464 1285 et
1483 1258 1516 1284 20

114 1305 351 1359 pimiigeris
383 1305 582 1346 sabulosa
613 1307 808 1345 uetustas
841 1305 1029 1358 inponit:
1060 1319 1219 1358 perque
1251 1307 1388 1344 terras
1421 1304 1464 1343 et

113 1364 251 1405 maria
283 1363 552 1417 formidatus,
584 1363 718 1404 nullis
739 1363 1014 1404 obstantibus
1034 1363 1182 1415 murm,
1207 1361 1464 1403 Heracleam

114 1421 335 1475 ingressus
375 1425 439 1463 est
477 1422 745 1463 Perinthum.
807 1423 846 1462 4.
885 1436 968 1476 quo
1009 1421 1120 1475 apud
1161 1419 1463 1462 Constantino-

113 1481 248 1534 polim
281 1495 379 1522 mox
412 1484 614 1534 conperto
635 1481 932 1522 effundebatur
964 1483 1081 1521 aetas
1103 1479 1241 1520 omnis
1262 1482 1305 1520 et
1337 1492 1462 1528 sexus

115 1543 339 1593 tamquam
360 1539 594 1580 demissum
615 1539 804 1593 aliquem
826 1539 972 1580 uisura
993 1534 1054 1579 ⁷de
1081 1538 1210 1579 caelo.
1260 1538 1462 1591 exceptus
1482 1550 1516 1576 25

115 1598 251 1652 igitur
282 1598 461 1638 tertium
494 1597 648 1639 Iduum
669 1597 973 1639 Decembrium
1005 1596 1256 1638 uerecundis
1290 1598 1463 1637 senatus

115 1656 267 1697 officiis
301 1659 343 1697 et
374 1657 648 1710 popularium
681 1657 879 1697 consonis
918 1656 1153 1710 plausibuS,
1193 1655 1464 1709 stipatusque

115 1718 381 1756 armatorum
414 1718 457 1756 et
488 1717 739 1768 togatorum
773 1715 1031 1769 agminibus,
1069 1714 1190 1755 uelut
1222 1714 1310 1755 acie
1343 1713 1464 1754 duce-

115 1773 243 1815 batur
276 1774 499 1827 instruc‘ca,
532 1774 724 1814 omnium
757 1774 892 1814 oculis
925 1774 969 1814 in
1001 1786 1203 1814 eumnou
1223 1772 1349 1814 modo
1369 1785 1465 1813 con-

115 1832 229 1873 tuitu
268 1832 482 1873 destinato
522 1832 593 1872 sed
633 1847 728 1873 cum
773 1832 1056 1873 admiratione
1101 1844 1259 1885 magna
1303 1829 1518 1872 defixis.so

115 1891 154 1931 5.
176 1891 342 1931 somnio
377 1891 489 1931 enim
511 1891 687 1945 propius
708 1891 936 1932 uidebatur
968 1890 1164 1932 adultum
1195 1889 1332 1931 adhuc
1349 1890 1466 1931 iuue-

207 2016 221 2045 1
251 2011 301 2044 sic
328 2012 399 2044 (ΞΑ
423 2022 460 2045 se
493 2011 581 2045 VPb
628 2015 647 2045 6
665 2011 917 2055 Theolaiphus
933 2011 1036 2056 Pbya
1060 2010 1236 2045 tholaifus
1260 2010 1292 2044 V
1337 2010 1384 2044 *7
1402 2009 1464 2044 ad—

1183 2063 1238 2081 sua

116 2088 310 2132 dentisque
342 2088 408 2123 VJ>
502 2093 542 2123 10
567 2090 603 2123 in
629 2090 852 2123 immensum
880 2089 914 2122 G
949 2089 986 2135 in
1017 2089 1201 2131 inmentcs
1233 2100 1256 2122 u
1293 2087 1326 2122 V
1346 2088 1465 2122 immi—

115 2134 245 2168 nentes
268 2134 350 2167 I'ba
409 2138 446 2168 13
483 2145 629 2178 ›ropvre
658 2135 726 2168 ΟΛ
753 2144 868 2178 prope
903 2134 934 2167 V
955 2145 1020 2168 om.
1046 2134 1103 2168 Pb
1163 2137 1205 2167 14
1229 2133 1397 2167 ueterem
1422 2153 1465 2158 —

118 2182 160 2213 15
185 2178 327 2211 cunctis
358 2179 446 2213 add.
471 2146 532 2211 &¹¹²
628 2184 667 2213 19
698 2178 892 2212 sublimior
923 2180 965 2212 ut
997 2179 1029 2212 (ι’
1061 2177 1316 2212 sublimiorum
1354 2176 1465 2212 VPba

115 2226 160 2257 20
185 2222 293 2256 aeriis
322 2222 491 2257 Valesius
515 2224 609 2257 aeris
640 2223 777 2267 VPbya
869 2227 912 2258 25
938 2223 1138 2258 demissum
1175 2222 1243 2266 bgya
1274 2221 1464 2256 dimissum

122 2266 191 2301 VP
237 2270 280 2301 26
306 2267 421 2311 igitur
445 2267 475 2299 V
478 2268 585 2302 GAP
611 2279 698 2311 ergo
724 2268 765 2302 rb
810 2272 849 2302 31
869 2268 1010 2302 somnio
1029 2267 1233 2303 Lindenbr.
1251 2266 1376 2301 omnia
1398 2265 1466 2301 VP

117 2311 229 2346 omini
250 2311 282 2345 G
306 2322 414 2346 omen
440 2313 483 2346 ba
