1573 2508
128 60 210 104 124
644 57 748 93 xvn
774 62 806 101 5,
833 61 954 101 13-7‚
979 62 1000 94 ε»
1500 40 1534 125 '3

127 155 311 197 utilitati
343 154 581 195 conducens
619 167 714 194 cum
747 152 850 194 duce
888 156 962 194 tuo
1000 167 1076 207 per
1113 151 1319 207 quosdam
1358 152 1476 207 igno·
1522 184 1535 211 .⁴

128 214 257 267 biles,
294 227 361 254 me
401 211 662 265 inconsulto,
701 225 918 253 sermones
951 211 1168 253 conseruit
1205 225 1331 265 super
1361 225 1478 266 pace.
1523 243 1532 255 ,

128 287 215 314 11011
245 271 481 312 refutamus
519 270 630 311 hanc
660 284 738 311 nec.
768 269 1038 324 repellimus:
1080 269 1193 311 adsit
1223 269 1350 310 modo
1381 283 1478 311 eum
1527 290 1536 319 '⁴

130 332 279 372 decore
320 332 361 371 et
400 329 626 370 honestate
664 328 773 369 nihil
817 328 970 382 pudori
1007 330 1156 370 nost-ro
1199 330 1540 383 praereptura
1520 337 1537 354 ·

129 390 197 430 uel
229 387 461 430 maiestati.
526 388 590 428 13.
618 391 684 429 est
716 387 829 428 enim
851 387 1059 428 absonum
1081 389 1123 427 et
1154 386 1360 441 insipiens
1381 401 1478 429 cum
1496 397 1539 426 5

130 450 349 502 gestarum
389 461 530 487 lerum
570 446 715 487 ordine
759 446 957 500 placatae
1004 445 1091 487 sint
1118 459 1246 486 aurae
1279 444 1479 500 inuidiae,

128 520 231 560 quae
266 505 392 546 nobis
432 505 733 559 multipliciter
777 505 1035 557 inluserunt
1080 518 1175 545 cum
1219 503 1372 545 deletis
1415 506 1480 558 ty-

130 565 277 606 rannis
309 567 427 605 totus
461 563 577 604 orbis
596 563 818 605 Romanus
848 563 974 604 nobis
1002 538 1285 617 olJt-emperat,
1317 577 1367 604 ea
1385 576 1480 617 pro-

130 624 242 678 dere,
274 637 381 677 quae
414 623 601 663 contrusi
636 623 679 663 in
712 622 944 663 orientales
977 622 1199 676 angustias
1232 620 1301 662 diu
1341 635 1480 662 serua-

130 683 270 724 uimus
303 681 499 722 inlibata.
564 682 629 721 14.
662 684 829 722 cessent
861 683 1005 722 autem
1038 695 1194 735 quaeso
1229 679 1479 721 formidines
1500 692 1534 719 ιο

132 756 239 794 quae
270 739 396 781 nobis
429 739 697 780 intentantur
728 754 778 780 ex
811 754 941 793 more,
974 754 1069 780 cum
1103 739 1265 793 ambigi
1297 741 1481 794 nequeat

130 814 215 840 non
249 799 403 840 inertia
429 799 521 839 ‘nos
561 798 632 839 sed
666 798 874 839 modestia
912 811 1079 852 pugnas
1117 797 1332 839 interdum
1365 811 1481 838 exce-

129 858 244 912 pisse
276 857 419 911 potius
453 872 579 911 quam
614 856 811 898 intulisse
845 861 886 897 et
918 860 1085 910 nostra,
1123 856 1319 911 quotiens
1353 856 1482 897 laces-

133 916 284 969 simur,
329 915 569 957 fortissimo
609 915 935 956 beneuolentiae
975 916 1129 969 spiritu
1162 914 1400 968 defensare,
1440 914 1481 955 id
1538 947 1546 951 -

133 975 391 1029 experiendo
425 974 689 1029 legendoque
723 975 906 1016 scientes
939 975 983 1015 in
1013 974 1192 1028 proeliis
1226 973 1481 1028 quibusdam
1501 987 1535 1013 1⁵

131 1048 229 1075 raro
268 1048 357 1074 rem
396 1033 609 1074 titubasse
642 1031 902 1086 Romanam,
940 1033 982 1073 in
1017 1047 1184 1074 summa
1215 1047 1316 1073 uero
1349 1031 1481 1073 bello-

131 1106 226 1133 rum
258 1105 491 1145 numquam
526 1092 577 1132 ad
611 1091 823 1132 deteriora
856 1091 1128 1145 prolapsam'.

254 1150 317 1191 15.
342 1148 464 1191 Hanc
499 1150 760 1204 legationem
793 1150 913 1191 nullo
946 1149 1161 1204 inpetrato
1182 1150 1405 1191 remissam
1426 1173 1481 1178 —

131 1224 207 1249 1100
241 1209 354 1249 0111111
382 1208 610 1250 effrenatae
643 1208 758 1262 regis
780 1208 1005 1262 cupiditati
1026 1208 1274 1262 responderi
1297 1208 1482 1263 amplius

134 1268 361 1322 quicquam
394 1267 535 1320 potuit
569 1291 623 1296 ——
656 1270 755 1321 post
788 1267 1070 1321 paucissimos
1091 1267 1181 1308 dies
1215 1270 1384 1308 secutus
1416 1269 1484 1308 est
1502 1279 1537 1306 20

132 1325 318 1379 Prosper
351 1339 492 1366 eomes
526 1328 568 1366 et
590 1324 817 1379 Spectatus
849 1326 1047 1367 tribunus
1069 1329 1112 1367 et
1137 1326 1330 1367 notarius
1363 1326 1483 1367 item-

133 1400 213 1438 que
246 1383 503 1426 Eustathius
535 1383 791 1425 Musoniano
825 1388 1083 1438 suggerente
1109 1383 1405 1439 philosophus,
1437 1387 1484 1426 ut

133 1443 274 1497 opifex
321 1442 550 1483 suadendi:
601 1443 872 1497 imperatoris
924 1443 1085 1497 scripta
1127 1444 1389 1497 perferentes
1440 1446 1484 1484 et

133 1516 325 1554 munera,
365 1501 525 1542 enisuri
558 1505 811 1555 apparatum
845 1502 1019 1543 interim
1053 1501 1227 1556 Saporis
1260 1505 1352 1543 arte
1384 1516 1483 1556 qua-

133 1560 229 1601 dam
251 1559 520 1613 suspendere,
551 1563 597 1599 m*
628 1575 757 1613 supra
788 1560 1021 1601 humanum
1044 1561 1215 1601 modum
1236 1560 1483 1614 prouinciae
1503 1573 1537 1599 25

133 1619 401 1659 munirentur
434 1622 616 1659 arctoae.

252 1677 295 1718 6.
317 1678 350 1717 l.
366 1676 482 1717 Inter
497 1691 604 1730 quae
625 1677 687 1717 ita
707 1677 909 1731 ambigua
924 1677 1129 1731 Iuthungi
1144 1678 1484 1719 Alamannorum

132 1750 232 1789 pars
277 1735 442 1776 ltalicis
488 1735 804 1779 conterminans
850 1736 1059 1777 tractibus
1104 1736 1229 1777 obliti
1280 1736 1396 1790 pacis
1441 1739 1485 1778 et

133 1794 363 1847 foederum,
396 1808 502 1847 quae
524 1794 668 1847 adepti
702 1798 801 1835 sunt
825 1794 1099 1848 obsecrando,
1129 1794 1306 1836 Raetias
1338 1794 1483 1836 turbu-

132 1853 247 1895 lente
278 1852 521 1906 uastabant,
554 1852 657 1893 adeo
689 1856 738 1894 ut
770 1853 901 1895 etiam
934 1853 1188 1908 oppidorum
1220 1856 1485 1908 temptarent
1502 1867 1537 1894 so

133 1911 301 1953 obsidia
331 1913 503 1964 praeter
536 1911 724 1952 solitum.
787 1913 824 1952 2.
852 1912 903 1953 ad
937 1926 1041 1966 quos
1074 1912 1343 1966 repellendos
1387 1926 1483 1953 cum

134 1970 278 2011 ualida
312 1984 439 2010 manu
478 1970 636 2010 missus
668 1969 875 2012 Barbatio
917 1970 959 2011 in
999 1970 1139 2012 locum
1172 1970 1338 2012 Siluani
1371 1970 1484 2024 pedi-

224 2089 243 2117 5
274 2083 453 2127 insipiens
487 2084 618 2128 Haupt
655 2084 834 2118 insidiens
876 2084 942 2120 VP
977 2085 1153 2120 indecens
1191 2085 1224 2119 G
1317 2088 1336 2118 6
1367 2095 1411 2118 ex
1442 2084 1484 2118 li·

133 2129 213 2176 catc
249 2130 280 2162 (ι’
329 2134 465 2162 *aurae
503 2129 636 2173 Haupt
673 2139 781 2163 aures
811 2130 914 2164 codd.
968 2134 988 2164 6
1013 2140 1109 2173 quae
1140 2129 1274 2174 Haupt
1299 2139 1392 2173 quas
1436 2139 1484 2180 qa

135 2172 344 2206 inluserunt
380 2173 417 2206 P
448 2174 613 2214 (coniecit
653 2174 800 2217 Haupt)
833 2175 869 2209 Ρ
899 2174 1115 2208 inluxerunt
1150 2174 1182 2208 V
1270 2178 1291 2208 9
1321 2173 1484 2208 contrusi

131 2217 264 2261 Haupt
291 2219 419 2251 contra
458 2219 484 2251 si
520 2218 631 2253 1=⁷1¹ba
656 2219 837 2253 contracti
866 2218 898 2253 G
986 2223 1024 2253 17
1051 2217 1239 2253 deteriora
1265 2217 1298 2252 G
1323 2217 1482 2252 deterio-

136 2272 213 2296 rem
239 2262 341 2297 codd.
422 2267 462 2295 2³5
490 2266 524 2296 ut
553 2264 620 2306 bgja
644 2274 711 2297 om.
743 2262 810 2333 liP
890 2267 932 2298 26
950 2273 1022 2307 pro
1047 2264 1195 2298 arctoae
1221 2263 1374 2305 sortasse
1396 2262 1484 2298 scri·

134 2340 287 2376 bendum
315 2350 404 2376 eoae
499 2345 538 2375 27
559 2341 777 2386 iuthiuntug
800 2340 831 2374 V
851 2345 892 2376 ut
918 2341 1111 2386 thiuntugi
1136 2341 1171 2376 P
1196 2340 1431 2386 Iuthiuntugi
1450 2339 1485 2375 G·
