1573 2508
101 48 187 91 212
639 45 707 81 xx
732 49 764 89 7,
789 48 901 82 9-16

105 141 206 182 data
231 140 354 194 copia
384 139 551 181 dicendi
583 152 690 193 quae
728 138 878 193 uellet,
916 138 1123 180 suadebat
1159 138 1327 193 placido
1366 152 1449 182 ser-

107 213 231 241 mone
263 197 477 240 discedere
509 197 662 239 Persas
696 196 748 239 ad
780 211 867 250 sua,
907 200 1007 251 post
1038 211 1282 240 communes
1313 197 1451 252 partis

106 258 328 311 utriusque
375 256 515 297 luctus
553 255 777 297 formidari
821 255 951 297 etiam
994 256 1177 299 maiores
1222 255 1451 298 adfirmans

107 317 293 358 forsitan
336 314 606 356 aduenturos.
679 313 752 355 sed
794 314 1019 368 perstabat
1058 315 1104 356 in
1140 329 1306 356 cassiun
1347 314 1453 357 haec

111 375 331 428 multaque
364 373 525 416 similia
545 372 804 426 disserendo,
837 373 1011 415 efferata
1040 373 1217 414 uesania
1247 374 1360 428 regis
1381 373 1454 416 ob·
1472 386 1489 412 5

110 435 263 485 stante,
282 444 366 473 non
385 435 479 473 ante
498 434 736 473 castrorum
758 431 967 472 excidium
988 431 1154 486 digredi
1178 431 1456 486 pertinaciter

113 490 362 532 adiurantis.
423 490 463 532 9.
494 490 749 544 perstrinxit
784 492 930 531 tamen
967 490 1152 544 suspicio
1190 505 1301 532 uana
1332 504 1456 545 quae-

110 550 207 591 dam
228 549 487 603 episcopum,
519 552 567 590 ut
599 548 764 602 opinor,
795 548 897 590 licet
923 549 1245 590 adseueratione
1277 549 1458 604 uulgata

111 608 364 661 multorum,
411 607 522 661 quod
566 607 832 648 clandestino
877 607 1104 662 conloquio
1145 606 1350 662 Saporem
1387 607 1457 648 do-

112 669 270 720 cuerat,
303 680 409 720 quae
430 666 646 707 moenium
667 664 887 720 adpeteret
906 666 1099 707 membra
1125 669 1172 708 ut
1204 666 1379 720 fragilia
1398 666 1458 707 in-
1478 680 1510 705 10

113 725 322 767 trinsecus
355 728 399 766 et
431 723 632 766 inualida.
681 724 844 778 hocque
866 723 1015 766 exinde
1035 725 1126 766 neri
1158 725 1298 766 simile
1318 725 1458 766 uisum

114 787 190 836 est,
212 782 323 837 quod
342 785 494 837 postea
513 783 654 824 intuta
675 782 770 824 loca
791 783 987 838 carieque
1006 784 1205 825 nutantia
1231 797 1326 825 eum
1345 782 1460 824 exul-

114 843 280 884 tatione
319 854 487 895 magna,
525 841 645 883 uelut
682 842 930 896 regentibus
968 842 1255 896 penetralium
1293 841 1459 884 callidis

116 900 511 954 contemplabiliter
543 899 764 942 machinae
795 900 1009 942 feriebant
1041 900 1237 942 hostiles.

238 959 302 1000 10.
333 958 392 1000 Ε1
412 972 670 1013 quamquam
703 959 874 1012 angusti
907 959 1037 1001 calles
1058 959 1344 1001 difficiliorem
1376 958 1461 1001 adi-
1481 971 1514 999 15

114 1021 206 1058 tum
227 1017 388 1059 dabant
407 1017 460 1058 ad
480 1031 638 1071 muros,
669 1018 892 1071 aptatique
913 1019 1068 1059 arietes
1089 1031 1216 1072 aegre
1241 1031 1463 1072 promoue-

115 1076 290 1130 bantur,
328 1075 591 1117 manualium
629 1090 828 1117 saxorum
868 1077 1208 1131 sagittarumque
1246 1079 1362 1118 metu
1400 1091 1463 1118 ar-

117 1137 256 1187 cente,
292 1148 371 1175 nec
407 1133 611 1175 ballistae
648 1137 794 1175 tamen
832 1149 1052 1176 cessauere
1089 1149 1167 1176 nec
1205 1135 1464 1190 scorpiones,

119 1193 221 1234 illae
241 1192 330 1234 tela
348 1195 611 1247 torquenteS,
641 1192 687 1234 hi
713 1193 877 1247 lapides
897 1194 1082 1247 crebros,
1114 1194 1313 1248 qualique
1335 1193 1463 1235 simul

121 1251 317 1294 ardentes
356 1251 449 1305 pice
488 1254 531 1293 et
568 1251 779 1293 bitumine
817 1252 946 1305 inliti,
985 1266 1165 1306 quorum
1206 1252 1465 1294 adsiduitate
1483 1265 1518 1292 20

118 1324 194 1364 per
225 1310 416 1364 procliue
449 1310 687 1351 labentium
708 1310 930 1352 machinae
962 1310 1199 1352 haerebant
1217 1311 1335 1353 uelut
1364 1311 1464 1353 altis

117 1368 332 1410 radicibus
364 1369 486 1422 fixae,
524 1383 681 1423 easque
714 1369 907 1411 malleoli
940 1372 982 1411 et
1019 1370 1132 1411 faces
1170 1370 1307 1412 iactae
1339 1369 1466 1411 desti-

119 1427 260 1468 natius
293 1427 541 1469 exurebant.

241 1486 306 1527 11.
340 1484 421 1527 Sed
454 1500 548 1527 cum
586 1485 692 1527 haec
731 1487 791 1527 ita
823 1490 967 1528 essent
1005 1487 1286 1541 caderentque
1319 1486 1467 1528 altrin-

120 1557 240 1585 secus
273 1544 412 1597 multi,
445 1544 653 1586 ardebant
673 1545 812 1599 magis
833 1548 1153 1599 oppugnatores
1173 1545 1361 1587 naturali
1381 1545 1467 1587 situ
1486 1557 1520 1584 25

121 1606 164 1643 61
195 1602 359 1655 ingenti
382 1616 509 1656 opere
530 1603 743 1644 munitum
763 1604 966 1657 oppidum
994 1607 1092 1645 ante
1126 1604 1318 1645 brumale
1351 1604 1467 1646 sidus

120 1660 356 1715 excindere,
387 1661 552 1702 rabiem
584 1662 700 1715 regis
726 1676 812 1703 non
838 1665 936 1703 ante
970 1662 1108 1704 sedari
1141 1677 1266 1717 posse
1299 1662 1469 1704 creden·

119 1721 199 1760 tes.
268 1719 466 1773 quocirca
504 1734 582 1761 1166
622 1720 758 1761 multa
797 1721 959 1761 cruoris
1004 1721 1164 1774 effusio,
1195 1735 1274 1763 nec
1313 1720 1467 1762 confixi

123 1777 359 1819 mortiferis
398 1778 647 1819 uulneribus
685 1779 861 1833 plurimi
901 1782 1065 1821 ceteros
1105 1780 1158 1821 ab
1192 1779 1367 1821 audacia
1398 1793 1468 1833 pa-

121 1835 192 1876 rili
225 1835 498 1878 reuocabant.
564 1837 628 1878 12.
661 1837 734 1878 scd
772 1838 842 1879 (liu
882 1853 977 1879 cum
1018 1838 1148 1880 exitio
1191 1838 1467 1879 decernentes
1487 1850 1522 1877 ³⁰

122 1897 339 1947 postremo
373 1895 575 1949 periculis
609 1896 878 1938 obiectauere
912 1900 1046 1938 semet
1079 1897 1286 1951 abruptis,
1318 1900 1361 1938 ct
1382 1897 1469 1951 agi-

218 2058 232 2087 l
259 2055 406 2098 placido
438 2055 549 2101 V²b9a
593 2056 727 2091 ›laceto
751 2056 793 2090 V¹
888 2061 907 2090 2
933 2057 1112 2092 discidere
1145 2057 1189 2091 V²
1281 2062 1302 2092 4
1332 2057 1469 2092 aduen-

124 2101 240 2133 turos.
291 2099 362 2133 Sed
391 2100 423 2133 G
449 2100 570 2135 aduen
591 2113 613 2134 11
650 2103 773 2145 posset
814 2101 927 2135 VPba
1031 2107 1050 2136 5
1088 2102 1207 2136 multa
1236 2103 1256 2137 b
1347 2106 1367 2137 6
1397 2112 1471 2136 nou

123 2145 209 2177 ante
235 2144 322 2178 add.
352 2145 385 2178 G
410 2156 476 2179 om.
502 2146 606 2181 codd,
702 2150 741 2180 12
766 2147 888 2180 intuta.
913 2147 993 2181 loca
1013 2147 1043 2179 G
1070 2147 1211 2181 inutalo
1243 2147 1308 2182 Vl>
1330 2145 1471 2180 inutilis

124 2188 166 2222 lm
264 2193 302 2221 15
327 2191 507 2232 angustae
533 2190 658 2224 clades
690 2190 822 2235 VPbya
918 2195 957 2226 18
982 2202 1049 2226 1166
1081 2192 1293 2236 scorpiones
1317 2201 1383 2226 om.
1415 2190 1473 2225 ΒΖ)

124 2236 168 2267 21)
186 2232 412 2267 adsiduitate
430 2254 470 2260 —
485 2239 523 2268 21
542 2234 880 2314 machinarumvgsic
894 2235 975 2279 VP)
993 2236 1080 2273 add.
1106 2235 1158 2269 V¹¹¹
1228 2240 1270 2270 24
1288 2237 1385 2270 esset
1405 2234 1472 2270 V1¹

125 2281 302 2326 &posse
326 2287 393 2312 om.
419 2279 439 2311 b
531 2284 571 2314 31
595 2281 762 2358 postrem
847 2282 1035 2325 postremo
1078 2300 1116 2306 —-
1158 2281 1292 2316 arietes
1322 2291 1389 2315 om.
1414 2279 1472 2315 Pb

126 2321 362 2357 obiectaucre
391 2323 461 2358 Gal
485 2323 590 2359 abice
612 2335 722 2359 ancre
755 2324 786 2359 V

1567 2235 1573 2314 «ἶ
