1573 2508
149 89 233 132 296
641 87 745 122 XXII
771 91 824 131 14,
848 91 971 131 8-15,
995 91 1016 123 9

150 184 286 226 latere
319 183 469 224 dextro
502 181 697 236 insignis,
736 181 808 236 qui
841 196 935 224 cum
967 184 1067 236 post
1097 181 1270 223 uiuendi
1308 181 1495 236 spatium
1541 219 1548 226 .

151 242 456 297 praestitutum
489 255 610 282 sacro
654 240 774 282 fonte
813 241 1024 282 inmersus
1063 255 1084 281 e
1122 240 1214 282 uita
1250 240 1408 282 abierit
1439 264 1495 271 —

152 316 227 343 nec
267 301 379 342 enim
417 299 533 341 ultra
571 314 667 341 eum
705 298 877 341 trahere
915 299 1018 342 licet
1056 302 1242 340 aetatem
1274 314 1404 354 quam
1435 313 1496 342 se-

151 363 267 401 creta
305 359 514 401 librorum
558 358 815 412 praescribit
852 358 1083 400 auctoritas
1122 358 1402 424 mysticorum
1440 382 1496 388 —
1551 358 1573 411 ’.ζ

151 421 329 460 necatur
374 417 577 471 choragio
620 417 714 471 pari
757 417 836 458 bos
874 417 1051 470 femina,
1093 430 1195 469 quac
1237 417 1273 458 ez·
1321 416 1497 459 inuenta
1533 407 1568 467 ἐς

152 492 246 518 011111
278 477 393 518 notis
427 476 555 518 certis
588 476 775 530 offertur,
808 490 891 542 quo
924 478 1147 541 perempto
1168 475 1278 516 alter
1298 489 1393 516 cum
1424 489 1498 530 pu·
1562 480 1566 517 1

152 536 265 578 blico
299 535 519 590 quaeritur
551 535 680 588 luctu,
713 538 755 576 et
789 535 823 575 si
845 534 1043 576 omnibus
1077 534 1213 588 signis
1234 548 1497 576 consumma·
1539 531 1561 538 ‘⁶

152 599 222 636 tus
266 594 445 648 reperiri
482 594 690 648 potuerit,
735 594 901 635 ducitur
939 592 1195 659 Memphim,
1231 593 1380 634 urbem
1417 592 1499 635 fre-
1562 591 1565 629 Ῑ

153 656 354 708 quentem
410 653 736 707 praesentiaque
786 652 975 693 numinis
1025 651 1275 705 Aesculapii
1325 651 1499 693 claram.
1540 667 1549 705 '.

153 714 190 754 ὅ.
224 726 402 766 cumque
435 711 635 753 initiante
668 711 913 752 antistitum
951 725 1128 752 numero
1161 713 1343 764 centum,
1381 710 1499 752 indu·
1517 726 1553 756 ιο

153 775 246 812 ctus
279 771 323 812 in
355 770 595 812 thalamum
617 785 708 811 esse
729 770 918 824 coeperit
940 783 1069 824 sacer,
1102 769 1355 810 coniecturis
1383 782 1501 823 aper·
1540 811 1551 824 5

152 830 210 871 tis
231 830 355 883 signa
375 844 443 870 rei
447 844 518 870 um
537 829 777 870 futurarum
798 829 954 870 dicitur
971 803 1264 869 dem'onstrare
1285 831 1328 868 et
1347 827 1502 869 adeun·
1540 836 1553 883 'l'

153 891 218 930 tes
253 888 457 942 quosdam
490 888 657 929 indiciis
691 888 831 928 auerti
864 888 1033 928 uidetur
1072 886 1280 941 obliquis,
1318 889 1366 928 ut
1403 886 1500 928 offe·
1542 923 1545 925 .

153 950 320 988 rentem
354 947 497 988 cibum
531 947 760 1001 aliquando
793 946 1092 987 Germanicum
1120 944 1359 999 Caesarem,
1391 930 1550 1002 5101111,Σ

154 1006 314 1047 lectum
335 1009 412 1059 est,
446 1008 667 1046 auersatus
700 1005 977 1059 portenderat
1007 1004 1138 1070 paulo
1166 1007 1265 1057 post
1285 1006 1501 1046 euentura.
1521 973 1556 1046 21¹⁵

272 1062 343 1105 15.
380 1065 416 1105 1.
450 1062 645 1105 Strictim
683 1064 847 1119 itaque,
886 1063 1088 1118 quoniam
1127 1067 1296 1116 tempus
1333 1062 1502 1104 uidetur
1548 1058 1551 1061 ’

154 1123 235 1164 hoc
266 1122 476 1177 flagitare,
507 1137 575 1163 res
609 1122 906 1176 Aegyptiacae
938 1125 1184 1176 tangantur,
1218 1136 1396 1176 quarum
1430 1135 1503 1163 no-

154 1182 298 1223 titiam
331 1181 375 1222 in
407 1181 573 1223 actibus
606 1180 815 1222 Hadriani
849 1183 892 1222 et
924 1179 1070 1222 Seueri
1103 1180 1346 1234 principum
1365 1180 1503 1235 diges-

155 1241 289 1282 simus
334 1241 421 1282 late
467 1241 561 1281 uisa
603 1240 808 1294 pleraque
852 1242 1089 1281 narrantes.
1157 1240 1195 1280 2.
1239 1238 1502 1294 Aegyptiam

156 1303 329 1353 gentem
369 1299 559 1340 omnium
598 1299 956 1352 uetustissimam,
993 1298 1078 1338 m'si
1118 1298 1230 1352 quod
1269 1312 1397 1352 super
1434 1312 1504 1339 an·
1523 1299 1570 1341 mk

154 1358 360 1424 tiquitate
393 1361 529 1399 certat
569 1372 663 1398 cum
698 1356 881 1411 Scythis,
921 1372 943 1398 a
982 1356 1195 1398 meridiali
1233 1357 1369 1398 latere
1408 1355 1505 1411 Syr·
1543 1360 1547 1373 ²

155 1420 221 1457 tes
266 1417 451 1458 maiores
496 1421 538 1457 et
576 1416 745 1470 Phjcus
788 1416 1131 1481 promuntorium
1176 1418 1219 1456 et
1256 1415 1418 1456 Borion
1463 1418 1551 1463 et
1541 1407 1570 1443 ς’

156 1474 440 1517 Garamantes
472 1475 752 1529 nationesque
774 1474 917 1516 uariae
939 1474 1154 1528 claudunt,
1186 1489 1269 1528 qua
1295 1474 1504 1515 orientem

157 1548 178 1574 e
223 1534 397 1588 regione
442 1534 664 1588 prospicit,
706 1533 1026 1587 Elephantinen
1071 1536 1114 1574 et
1157 1531 1332 1574 Meroen
1376 1532 1559 1574 urbes.

156 1592 421 1646 Aethiopum
460 1596 501 1633 et
535 1592 778 1645 Catadupos
818 1592 1078 1646 rubrumque
1116 1591 1296 1646 pelagus
1335 1593 1379 1633 et
1411 1589 1534 1632 Sce·'

156 1651 270 1692 nitas
303 1651 598 1705 praetenditur
630 1651 811 1704 Arabas,
851 1664 956 1704 quos
992 1649 1249 1691 Sarracenos
1286 1663 1397 1691 nunc
1434 1664 1506 1703 ap-

156 1710 381 1763 pellamus,
422 1709 705 1763 septentrioni
739 1709 961 1762 suppositi
993 1711 1205 1749 terrarum
1239 1708 1325 1749 situ
1357 1707 1507 1750 cohae—

155 1772 222 1810 ret
264 1768 476 1822 inmenso,
521 1768 630 1809 unde
669 1767 889 1808 exordium
928 1767 1036 1808 Asia
1068 1766 1374 1821 Syriarumque
1410 1780 1547 1833 pro-..1

156 1827 324 1868 uinciae
369 1830 554 1881 summit,
593 1842 618 1867 a
655 1841 835 1880 uespera
879 1825 1039 1867 Issiaco
1085 1826 1346 1879 disiungitur
1383 1821 1507 1880 mari,
1540 1823 1558 1848 ’ἕ

158 1885 269 1939 quod
302 1886 475 1940 quidam
507 1885 783 1926 nominauere
816 1884 1107 1926 Parthenium.
1522 1871 1565 1923 οὗ

275 1945 314 1985 3.
345 1944 488 1986 Pauca
519 1945 664 1998 itaque
686 1958 812 1997 super
846 1943 1066 1995 [beniuolo
1093 1943 1283 1984 omnium
1311 1941 1503 1994 flumine]

156 2001 273 2056 Nilo,
306 2018 432 2077 quem
464 2003 714 2057 Aegyptum
747 2001 962 2043 Homerus
995 2002 1205 2056 appellat,
1243 2000 1504 2056 praestringi

250 2103 263 2133 1
292 2099 409 2134 latere
450 2100 482 2133 G
518 2099 625 2134 lateri
668 2099 779 2133 VPba
916 2102 936 2133 3
962 2098 1049 2132 licet
1075 2098 1107 2132 (r
1140 2098 1240 2148 laeet
1268 2097 1301 2132 V
1327 2108 1393 2132 om.
1424 2097 1506 2134 Pha

157 2147 177 2178 5
203 2142 315 2178 chora
344 2144 378 2178 io
403 2144 483 2187 pari
510 2144 641 2188 Haupt
667 2144 807 2187 horago
833 2143 909 2177 arei
940 2142 1006 2177 112
1058 2153 1154 2177 (uae
1180 2142 1214 2177 ei
1238 2142 1326 2180 add.
1351 2142 1504 2180 S.alma8

257 2155 491 2222 150—ss
516 2190 660 2233 se'ynum
685 2189 750 2223 lac.
760 2171 824 2231 ⁰0(
850 2189 891 2222 in
915 2198 1030 2231 mary.
1058 2155 1090 2221 ἐν
1164 2192 1203 2221 19
1229 2187 1445 2233 aegyptiam
1471 2186 1505 2221 G

157 2234 360 2284 aegyptum
386 2232 495 2267 VPba
543 2238 585 2267 22
609 2233 689 2272 Ρὶη
694 2244 755 2267 cus
781 2233 849 2277 bqa
873 2232 1014 2276 phucus
1039 2232 1076 2266 P
1100 2232 1204 2266 sucus
1228 2231 1261 2265 V
1304 2235 1346 2266 27
1371 2242 1505 2282 suppo-

158 2278 230 2311 sita
250 2278 384 2328 scripsi
408 2289 423 2311 s
450 2278 624 2322 opposita
658 2269 726 2311 VP
818 2281 861 2312 28
892 2277 1062 2311 Asiarum
1094 2277 1159 2311 rba
1250 2280 1291 2310 31
1330 2275 1504 2311 beniuolo

158 2322 334 2403 onlicpiulilnn
349 2322 500 2356 flumine
533 2322 643 2357 VPba
669 2332 734 2356 om.
763 2324 794 2355 G
821 2323 926 2357 uncis
952 2321 1034 2356 incl.
1060 2321 1225 2356 omnium
1251 2320 1402 2355 flumine
1427 2320 1504 2356 nilo

157 2376 196 2400 α(
313 2373 319 2389 ¹
