1614 2549
367 65 700 102 CONSTANTIVS
723 64 785 99 ET
810 64 1042 100 IVLIANVS
1067 69 1133 100 359
1344 67 1422 108 157

76 161 122 203 111
157 161 306 203 multis
345 175 394 202 ac
430 159 686 202 necessariis
725 174 898 214 operam
944 175 1066 202 suam
1105 159 1285 202 fidenter
1329 175 1423 215 pro-

77 220 266 262 mittens.

196 279 239 320 6.
284 279 319 319 1.
358 277 445 319 Sub
483 278 621 319 isdem
658 277 747 318 fere
785 277 934 319 diebus
968 277 1226 320 Sabinianus
1271 278 1426 333 adepta

75 337 299 391 repentina
329 339 545 391 potestate
578 336 773 378 sufflatus
794 339 836 377 et
858 335 1033 378 Ciliciae
1066 337 1172 378 fines
1203 337 1424 392 ingressus

39 409 57 436 5
76 395 291 438 decessori
323 411 400 437 suo
432 395 638 450 principis
676 395 846 436 litteras
879 395 995 436 dedit
1031 395 1262 450 hortantis,
1293 398 1341 437 ut
1373 397 1425 438 ad

74 454 328 496 comitatum
367 455 578 509 dignitate
616 453 872 495 adficiendus
912 454 1131 508 superiore
1173 455 1298 496 citius
1331 470 1426 509 pro-

74 516 264 568 peraret,
301 528 350 555 eo
387 513 694 555 necessitatum
731 512 914 554 articulo
936 528 1030 578 ‘quo
1063 513 1207 566 etiam,
1240 514 1276 554 si
1315 514 1428 569 apud

76 572 247 613 Thulen
283 575 523 614 moraretur
566 571 807 626 Vrsicinus,
858 571 986 613 acciri
1033 586 1130 613 eum
1174 573 1424 627 magnitudo

74 646 218 672 rerum
255 631 423 672 ratione
460 631 678 685 probabili
716 631 957 685 flagitabat,
989 633 1139 684 utpote
1172 631 1425 685 disciplinae

23 704 57 730 10
75 690 234 731 ueteris
269 693 311 731 et
343 690 473 745 longo
505 705 586 731 usu
616 690 806 731 bellandi
838 689 943 730 artis
964 689 1164 731 Persicae
1196 690 1428 732 scientissi-

75 762 205 790 mum.
267 749 305 790 2.
337 764 420 804 quo
451 763 622 790 rumore
654 749 887 803 prouinciis
919 749 1095 803 percitis
1129 749 1299 790 ordines
1327 749 1427 790 ciui-

75 810 216 849 tatum
260 810 303 849 et
350 808 501 862 populi
533 808 714 849 decretis
759 811 802 849 et
852 807 1240 848 adclamationibus
1286 807 1427 849 densis

75 866 236 908 injecta
254 882 385 908 manu
404 867 656 908 detinebant
686 881 815 921 penes
837 881 880 907 se
906 867 1126 921 publicum
1146 866 1428 920 defensorem,

76 940 300 979 memores,
333 926 446 980 quod
483 925 658 967 relictus
692 926 744 966 ad
782 926 849 966 sui
879 925 1063 966 tutelam
1096 939 1193 966 cum
1224 924 1354 966 inerti
1386 928 1429 966 et

23 996 57 1023 15
76 984 299 1025 umbratili
330 985 470 1025 milite
502 984 613 1025 nihil
645 985 852 1026 amiserat
882 999 959 1038 per
991 984 1258 1037 decennium,
1299 984 1428 1025 simul

75 1046 314 1084 metuentes
360 1043 493 1085 saluti
537 1043 649 1098 quod
698 1046 891 1097 tempore
936 1043 1084 1097 dubio,
1134 1046 1300 1085 remoto
1351 1043 1427 1084 illo

76 1102 299 1143 aduenisse
324 1102 543 1144 hominem
565 1105 862 1156 compererant
893 1102 1215 1143 inertissimum.
1272 1102 1312 1143 3.
1344 1116 1429 1143 cre-

75 1160 214 1202 dimus
247 1185 303 1190 —
335 1176 472 1216 neque
512 1162 627 1202 enim
660 1161 835 1202 dubium
874 1163 939 1202 est
971 1185 1027 1190 ———
1058 1176 1136 1215 per
1175 1161 1311 1202 aerios
1344 1163 1430 1202 tra-

76 1219 202 1261 mites
239 1219 400 1261 famam
438 1223 688 1275 praepetem
725 1220 930 1274 uolitare,
969 1220 1086 1261 cuius
1126 1220 1284 1261 indicio
1322 1220 1429 1261 haec

21 1292 58 1317 20
78 1282 202 1332 gesta
233 1279 457 1333 pandente,
490 1280 771 1321 consiliorum
804 1279 916 1332 apud
947 1278 1101 1319 Persas
1135 1293 1301 1320 summo
1334 1293 1430 1332 pro-

74 1338 335 1392 ponebatur:
369 1342 411 1380 et
442 1339 593 1379 multis
619 1338 732 1379 ultro
760 1338 952 1392 citroque
985 1337 1233 1378 deliberatis
1266 1338 1430 1392 placuit

76 1396 297 1438 Antonino
330 1397 535 1439 suadente
568 1400 615 1438 ut
635 1397 836 1438 Vrsicino
869 1396 1019 1450 procul
1041 1398 1184 1438 amoto
1212 1396 1430 1450 despecto-

77 1469 159 1509 que
201 1456 376 1497 nouello
421 1456 542 1511 duce,
592 1455 852 1510 posthabitis
904 1456 1129 1496 ciuitatum
1178 1455 1429 1509 perniciosis

78 1514 257 1556 obsidiis
301 1518 645 1569 perrumperetur
688 1514 933 1568 Euphrates
983 1514 1201 1568 ireturque
1243 1529 1432 1568 prorsus,

26 1584 62 1610 25
81 1575 130 1614 ut
167 1574 365 1627 occupari
403 1574 572 1628 possint
608 1573 853 1628 prouinciae
897 1573 1013 1614 fama
1051 1573 1270 1614 celeritate
1313 1587 1433 1627 prae-

75 1635 222 1686 uenta,
262 1633 458 1674 omnibus
502 1635 602 1674 ante
634 1632 774 1686 bellis,
812 1632 895 1673 nisi
926 1632 1194 1686 temporibus
1229 1631 1431 1685 Gallieni,

76 1690 264 1732 intactae
295 1706 483 1746 paceque
517 1692 774 1746 longissima
806 1691 1056 1745 locupletes,
1090 1691 1207 1732 cuius
1240 1691 1304 1732 rei
1336 1705 1432 1745 pro-

77 1753 275 1804 sperante
314 1750 391 1792 deo
432 1751 653 1792 ductorem
691 1750 1083 1791 commodissimum
1123 1749 1215 1791 fore
1255 1749 1432 1804 sponde-

75 1809 163 1850 bat.
224 1810 263 1850 4.
301 1809 474 1851 laudato
521 1810 776 1863 firmatoque
816 1809 1015 1850 concordi
1055 1809 1246 1850 omnium
1283 1809 1432 1849 uolun-

22 1879 60 1905 θο
77 1870 169 1909 tate
202 1869 382 1909 consilio
416 1869 718 1922 conuersisque
751 1868 962 1909 uniuersis
997 1868 1049 1909 ad
1083 1883 1132 1908 ea
1164 1882 1271 1921 quae
1311 1868 1433 1908 erant

77 1927 203 1968 citius
237 1928 524 1981 congerenda,
566 1929 826 1968 commeatus
859 1926 1021 1967 milites
1054 1940 1174 1967 arma
1207 1928 1431 1980 ceteraque

76 1985 374 2040 instrumenta,
407 2001 514 2041 quae
548 1985 753 2040 poscebat
783 1985 1027 2039 procinctus
1061 1985 1310 2039 aduentans,
1341 1998 1433 2038 per-

77 2047 208 2098 petua
238 2045 378 2086 hieme
410 2045 686 2099 parabantur.

198 2104 237 2145 5.
267 2103 360 2145 Nos
398 2104 564 2145 interea
601 2103 820 2157 paulisper
859 2102 918 2143 cis
958 2101 1149 2144 Taurum
1186 2101 1344 2143 morati
1382 2116 1434 2143 ex

25 2173 61 2199 3⁵
79 2162 260 2216 imperio
303 2163 356 2203 ad
405 2165 552 2217 partes
597 2162 751 2203 Italiae
794 2161 1049 2202 festinantes
1094 2176 1227 2216 prope
1276 2161 1435 2203 flumen

172 2270 192 2300 8
216 2265 347 2308 thylen
380 2265 412 2299 V
503 2270 546 2301 10
577 2266 667 2300 artis
698 2265 766 2309 bya
794 2264 883 2299 tatis
918 2264 985 2299 VP
1079 2268 1119 2298 13
1150 2275 1265 2309 penes
1295 2275 1333 2299 se
1366 2265 1434 2308 hya

82 2320 203 2354 paene
234 2310 301 2345 VP
393 2315 435 2344 *25
459 2311 656 2355 prouincia
686 2309 768 2344 V²P
791 2320 856 2345 om.
893 2309 936 2343 V¹
1031 2313 1074 2344 30
1105 2309 1367 2353 conuersisque
1398 2310 1435 2343 P

83 2355 327 2399 conuersique
354 2356 543 2399 (deletum)
570 2355 814 2399 conuersique
845 2354 878 2388 V
