1573 2508
85 68 168 111 326
587 66 707 102 xxm
731 70 766 112 e,
789 70 923 104 25-33

89 161 195 202 Veri
229 161 438 208 Caesaris,
470 165 517 203 ut
549 165 648 203 ante
680 162 940 215 rettulimus,
973 163 1207 217 expulsata,
1240 162 1436 205 auulsum

89 220 260 261 sedibus
295 220 573 262 simulacrum
607 219 754 262 Comei
775 220 992 275 Apollinis
1024 221 1323 276 perlatumque
1355 220 1439 263 Ro-

88 293 202 320 mam
236 279 281 318 in
313 279 414 319 aede
435 278 653 332 Apollinis
680 279 869 320 Palatini
901 279 1077 321 deorum
1110 279 1328 321 antistites
1355 280 1438 322 col-

87 336 296 378 locarunt.
358 336 493 378 fertur
526 341 671 379 autem
692 338 803 392 quod
836 341 935 391 post
967 338 1181 392 direptum
1211 337 1291 379 hoc
1324 338 1436 380 idem

86 395 342 449 figmentum
386 395 558 437 incensa
597 395 773 437 ciuitate
806 396 967 437 milites
1011 396 1158 437 fanum
1196 399 1473 438 scrutantes-⁷>

87 454 288 494 inuenere
327 454 522 495 foramen
560 458 803 508 angustum,
842 469 925 509 quo
963 458 1164 507 reserato,
1200 458 1246 495 ut
1280 455 1438 508 pretio-

90 526 185 553 sum
219 512 382 566 aliquid
414 513 670 565 inuenirent,
713 528 761 553 ex
795 513 925 566 adyto
958 513 1142 567 quodam
1180 513 1380 554 concluso
1415 527 1440 554 a

89 570 400 612 Chaldaeorum
438 571 605 612 arcanis
646 571 764 612 labes
806 571 1095 625 primordialis
1129 571 1292 624 exiluit,
1331 585 1438 625 quae

92 629 399 670 insanabilium
449 630 493 670 ui
544 633 747 683 concepta
797 630 1045 671 morborum
1096 629 1284 671 eiusdem
1334 629 1438 671 Veri

87 687 307 742 Marcique
327 687 537 729 Antonini
569 688 835 742 temporibus
869 688 921 729 ab
955 689 1058 742 ipsis
1085 688 1315 730 Persarum
1347 688 1438 729 fini·
1458 701 1491 726 10

86 746 168 787 bus
201 746 253 787 ad
286 761 418 801 usque
450 746 649 788 Rhenum
681 750 724 788 et
744 746 908 788 Gallias
941 750 1091 788 cuncta
1113 747 1323 801 contagiis
1350 746 1438 800 pol-

89 805 237 846 luebat
271 807 313 846 et
344 805 568 846 mortibus,

209 863 277 905 25.
310 863 391 904 Hic
423 878 555 917 prope
589 862 904 905 Chaldaeorum
937 867 1002 904 est
1034 864 1153 918 regio
1186 863 1316 904 altrix
1347 862 1440 917 phi-

89 921 311 976 losophiae
344 923 515 975 ueteris,
547 925 594 963 ut
627 926 867 964 memorant
907 922 1001 976 ipsi,
1041 922 1153 976 apud
1186 936 1292 976 quos
1334 921 1440 963 ueri-

91 980 188 1022 dica
218 981 481 1021 uaticinandi
513 981 616 1021 fides
638 981 786 1022 eluxit.
835 981 1051 1035 perfluunt
1078 984 1223 1022 autem
1254 979 1332 1021 has
1353 994 1440 1021 eas·
1461 992 1493 1018 15

91 1039 188 1080 dem
220 1042 357 1080 terras
390 1039 578 1092 potiores
612 1043 710 1080 ante
738 1039 847 1080 alios
872 1053 1016 1080 amnes
1050 1039 1107 1092 hi,
1139 1053 1245 1093 quos
1277 1038 1440 1092 praedi-

91 1098 246 1150 ximus,
284 1100 327 1138 et
358 1097 572 1138 Marsares
612 1101 653 1139 et
692 1097 873 1138 Flumen
910 1098 1077 1152 regium
1115 1100 1158 1138 et
1194 1096 1439 1151 Euphrates

94 1157 259 1198 cunctis
292 1155 516 1197 excellens.
579 1156 651 1210 qui
684 1156 928 1210 tripertitus
961 1155 1226 1210 nauigabilis
1258 1169 1334 1209 per
1354 1169 1440 1196 om-

90 1229 165 1256 nes
199 1219 264 1255 est
296 1215 425 1268 riuos,
457 1214 705 1269 insulasque
739 1215 1049 1268 circumfluens,
1087 1218 1129 1256 et
1166 1228 1270 1255 arua
1307 1213 1440 1255 culto-

89 1288 184 1314 rum
224 1273 436 1314 industria
468 1273 719 1327 diligentius
758 1274 902 1328 rigans
937 1273 1099 1315 uomeri
1132 1275 1174 1314 et
1212 1272 1439 1326 gignendis
1460 1285 1493 1310 πο

90 1332 279 1373 arbustis
310 1331 476 1373 habilia
507 1332 622 1373 facit.

209 1391 276 1431 26.
314 1389 395 1431 His
437 1390 649 1431 tractibus
690 1389 862 1432 Susiani
901 1391 1148 1444 iunguntur,
1188 1389 1299 1443 apud
1332 1403 1438 1443 quos

91 1463 175 1490 non
208 1449 348 1490 multa
380 1452 480 1489 sunt
502 1449 670 1502 oppida.
732 1449 843 1490 inter
869 1449 955 1490 alia
986 1452 1131 1490 tamen
1152 1448 1310 1489 eminet
1331 1446 1440 1488 Susa

92 1522 217 1561 saepe
237 1507 502 1548 domicilium
534 1520 696 1561 regum,
729 1511 772 1548 et
791 1507 976 1549 Arsiana
1008 1510 1049 1548 et
1071 1506 1166 1548 Sele
1194 1509 1236 1547 et
1255 1505 1438 1547 Aracha.

91 1569 233 1607 cetera
271 1566 418 1607 breuia
458 1568 557 1606 sunt
589 1569 631 1606 et
664 1566 856 1607 obscura.
918 1566 1039 1606 fluuii
1071 1579 1173 1606 uero
1205 1564 1332 1605 multi
1365 1579 1440 1617 per
1459 1577 1493 1601 2⁵

91 1624 195 1665 haec
227 1625 322 1665 loca
354 1624 609 1676 discurrunt,
643 1625 798 1678 quibus
830 1627 1052 1678 praestant
1072 1623 1255 1664 Oroates
1288 1626 1330 1663 et
1356 1621 1441 1663 Ha-

92 1697 169 1724 rax
190 1686 232 1724 et
253 1681 463 1735 Mosaeus‚
496 1697 571 1736 per
605 1682 836 1724 harenosas
870 1683 1106 1735 angustias,
1138 1696 1244 1736 quae
1266 1696 1290 1722 a
1311 1681 1440 1722 rubro

91 1741 323 1795 prohibent
344 1740 547 1794 Caspium
581 1755 709 1794 mare,
742 1755 996 1795 aequoream
1029 1739 1346 1781 multitudinem
1381 1739 1441 1779 in-

93 1800 316 1841 undantes.

211 1858 278 1899 27.
299 1858 359 1898 At
391 1858 435 1898 in
467 1858 589 1898 laeua
620 1857 761 1898 Media
793 1858 970 1898 confinis
1003 1857 1206 1910 Hyrcano
1239 1856 1440 1910 panditur
1460 1868 1494 1894 ao

94 1917 221 1958 mari:
284 1931 413 1970 quam
458 1919 556 1957 ante
601 1929 780 1969 regnum
814 1915 913 1970 Cyri
953 1915 1185 1969 superioris
1224 1918 1267 1955 et
1310 1915 1441 1956 incre-

93 1979 237 2016 menta
273 1974 470 2016 Persidos
511 1974 694 2028 legimus
732 1974 862 2015 Asiae
900 1975 1094 2029 reginam
1136 1973 1270 2014 totius
1308 1972 1441 2026 Assy-

95 2034 172 2075 riis
204 2034 393 2086 domitis,
432 2048 613 2087 quorum
654 2033 863 2086 plurimos
901 2046 1036 2087 pagos
1070 2032 1113 2073 in
1145 2030 1440 2085 Atropatenae

94 2092 352 2133 uocabulum
385 2095 652 2145 permutatos
685 2091 788 2131 belli
823 2091 911 2132 iure
944 2090 1144 2144 possedit.
1196 2090 1262 2131 28.
1283 2102 1441 2143 pugna-

185 2215 205 2244 6
223 2214 263 2246 nt
284 2212 353 2245 GA
367 2221 433 2245 om.
459 2211 545 2245 VPb
616 2215 650 2245 ll
680 2211 851 2245 Rhenum
877 2215 915 2245 et
941 2211 973 2246 G
999 2210 1193 2245 rheabmet
1222 2210 1288 2244 1⁷12
1313 2209 1440 2243 Rehab

107 2267 161 2291 ›er
185 2257 229 2291 ba
302 2260 340 2290 17
369 2256 547 2289 Marsares
570 2257 703 2298 scripsi
727 2266 865 2290 marsos
896 2255 963 2290 VP
1024 2259 1065 2289 23
1094 2254 1233 2289 eminet
1252 2255 1286 2287 G
1303 2254 1443 2288 enimet

116 2301 168 2336 s'I'
185 2302 243 2335 est
261 2301 303 2334 ba
375 2305 417 2334 2¹4
443 2300 580 2334 Ariana
597 2302 631 2334 A
723 2302 792 2334 *⁶30
819 2301 873 2334 ior
897 2302 1000 2334 oates
1027 2299 1059 2333 Γ
1147 2303 1188 2333 27
1216 2298 1383 2333 Mosaeus
1407 2298 1442 2332 A

95 2356 241 2380 meseus
273 2345 383 2389 l'l’bq
436 2349 478 2380 30
504 2345 708 2390 confringis
742 2344 771 2377 Γ
849 2349 890 2378 32
917 2345 1083 2389 reginam
1111 2344 1143 2378 (ν’
1174 2353 1290 2387 regna
1330 2342 1442 2377 VPba
