1614 2549
382 48 721 95 consrANTws
745 58 807 93 ET
834 57 1020 94 GALLVS
1045 62 1110 94 353
1368 58 1420 100 21

75 155 175 197 huic
207 157 397 196 atratum
429 153 636 208 coquinae
667 153 860 207 iungitur
892 152 1192 206 ministerium,
1232 152 1330 193 dein
1360 155 1424 195 to-

74 217 167 256 tum
198 213 439 268 promiscue
460 211 684 253 seruitium
717 226 811 252 cum
843 211 995 253 otiosis
1027 211 1209 267 plebeiis
1240 211 1291 252 de
1323 213 1424 253 uici-

75 273 212 314 nitate
263 270 521 313 coniunctis:
571 273 792 324 postrema
841 270 1072 311 multitudo
1117 270 1355 324 spadonum
1399 286 1424 312 a

76 331 249 372 senibus
281 331 326 371 in
356 344 510 384 pueros
543 329 752 383 desinens,
784 328 972 370 obluridi
992 329 1260 384 distortaque
1292 330 1423 371 linea-

39 404 55 429 ›
74 392 317 431 mentorum
337 401 528 443 conpage
548 387 773 441 deformes,
804 390 852 428 ut
872 402 1042 442 quaqua
1068 388 1292 430 incesserit
1312 389 1424 443 quis-

77 463 204 502 quam
236 462 412 489 cernens
444 447 695 488 mutilorum
726 445 948 487 hominum
981 447 1156 500 agmina
1187 447 1424 488 detestetur

75 507 329 548 memoriam
371 505 669 547 Samiramidis
709 505 886 559 reginae
933 505 1050 546 illius
1092 506 1270 559 ueteris,
1315 521 1424 560 quae

75 569 246 607 teneros
285 579 427 619 mares
478 564 686 606 castrauit
735 563 928 605 omnium
976 564 1117 617 prima
1166 565 1286 605 uelut
1334 565 1424 606 uim

76 624 284 666 iniectans
316 618 509 677 naturae,
540 623 800 677 eandemque
826 623 879 664 ab
913 623 1113 664 instituto
1147 637 1271 664 cursu
1291 625 1425 664 retor-

23 698 56 722 ιο
77 697 223 737 quenS,
267 697 375 737 quae
416 682 529 723 inter
569 682 663 736 ipsa
695 681 864 723 oriundi
896 681 1126 736 crepimdia
1165 697 1242 736 per
1279 683 1426 737 primi-

0 767 2 795 ,
76 742 225 796 genios
268 741 443 782 seminis
475 741 616 782 fontes
653 741 788 782 tacita
820 741 1002 795 quodam
1034 741 1160 782 modo
1202 741 1299 796 lege
1330 741 1424 782 uias

0 797 1 808 ¹
75 800 382 854 propagandae
414 800 684 853 posteritatis
718 799 918 840 ostendit.

196 860 260 900 18.
282 858 403 908 Quod
423 873 518 899 cum
532 859 595 900 ita
615 858 683 911 sit,
702 872 862 912 paucae
882 859 1032 900 domus
1048 858 1287 899 studiorum
1301 859 1424 900 seriis

75 918 261 958 cultibus
295 920 423 958 antea
455 918 697 958 celebratae
730 931 841 958 nunc
873 917 1072 958 ludibriis
1105 918 1306 972 ignauiae
1338 920 1425 959 tor-

22 990 55 1014 15
75 976 217 1029 pentis
251 976 479 1030 exundant,
511 976 653 1017 nocali
686 990 805 1029 sonu,
836 976 1054 1029 perflabili
1084 976 1246 1017 tinnitu
1277 976 1424 1017 fidium

74 1035 345 1075 resultantes.
407 1035 587 1089 denique
620 1049 697 1088 pro
730 1034 990 1089 philosopho
1023 1038 1173 1076 cantor
1205 1038 1247 1076 et
1285 1036 1329 1076 in
1365 1036 1426 1077 lo-

76 1107 170 1134 cum
202 1094 386 1134 oratoris
419 1093 568 1134 doct-or
600 1093 758 1134 artium
790 1093 1052 1135 ludicrarum
1085 1094 1247 1135 accitur
1279 1097 1321 1136 et
1352 1095 1426 1149 by-

74 1151 303 1193 bliothecis
325 1152 618 1206 sepulc-rorum
637 1152 723 1194 ritu
743 1153 788 1193 in
808 1155 1059 1206 perpetuum
1082 1153 1239 1194 clausis
1261 1167 1426 1208 organa

75 1211 343 1252 fabricantur
362 1211 625 1265 hydraulica,
647 1215 689 1251 et
709 1211 828 1265 lyrae
850 1212 901 1252 ad
923 1212 1108 1265 speciem
1124 1215 1426 1266 carpentorum

22 1283 56 1308 20
76 1270 272 1324 ingentes
317 1270 536 1324 tibiaeque
578 1273 620 1310 et
660 1269 906 1310 histrionici
950 1273 1098 1323 gestus
1140 1271 1426 1313 instrumenta

75 1342 161 1369 non
192 1328 317 1369 leuia.

195 1386 260 1427 19.
280 1386 505 1428 Postremo
527 1387 579 1428 ad
606 1387 649 1427 id
675 1387 948 1441 indignitatis
969 1390 1034 1429 est
1052 1391 1241 1442 uentum,
1262 1391 1310 1430 ut
1330 1403 1425 1430 cum

74 1445 293 1499 peregrini
325 1445 380 1486 ob
412 1445 689 1487 formidatam
721 1445 828 1487 haut
859 1447 921 1487 ita
941 1446 1099 1487 dudum
1119 1447 1423 1490 alimentorum

74 1504 266 1558 inopiam
302 1503 565 1557 pellerentur
598 1505 652 1546 ab
684 1505 789 1546 urbe
827 1505 1097 1560 praecipites,
1137 1507 1423 1548 sectatoribus

22 1576 55 1602 25
75 1562 398 1617 disciplinarum
431 1563 677 1604 liberalium
709 1564 909 1617 inpendio
942 1565 1090 1618 paucis
1124 1565 1214 1606 sine
1243 1566 1426 1620 respira-

74 1622 192 1662 tione
212 1621 303 1662 ulla
323 1621 520 1675 extrusis,
542 1625 791 1663 tenerentur
810 1622 1087 1664 minimarum
1108 1623 1303 1665 adseclae
1323 1625 1426 1679 ueri,

74 1680 230 1734 quique
268 1679 311 1720 id
344 1680 602 1721 simularunt
640 1681 692 1722 ad
724 1684 906 1736 tempus,
944 1685 987 1722 et
1022 1682 1108 1724 tria
1139 1683 1262 1724 milia
1295 1683 1425 1724 salta-

73 1738 230 1779 tricum
260 1752 314 1779 ne
347 1738 626 1793 interpella-ta
658 1740 827 1794 quidem
861 1755 956 1781 cum
977 1740 1118 1782 choris
1150 1742 1424 1796 todidemque

73 1800 343 1838 remanerent
362 1798 598 1852 magistris,
629 1798 698 1840 20.
718 1802 759 1840 et
780 1799 882 1840 licet
902 1814 1166 1854 quocumque
1187 1801 1333 1842 oculos
1354 1801 1424 1842 fle-

21 1869 55 1894 30
74 1856 188 1896 xeris
208 1856 393 1897 feminas
414 1856 596 1898 adfatim
622 1858 782 1899 multas
810 1860 1004 1912 spectare
1032 1859 1225 1913 cirratas,
1258 1860 1426 1914 quibus,

75 1914 110 1955 si
141 1915 402 1969 nupsissent,
432 1929 510 1969 per
543 1918 731 1957 aetatem
760 1920 828 1958 ter
858 1918 944 1958 iam
970 1917 1094 1957 nixus
1126 1920 1299 1971 poterat
1330 1932 1425 1972 sup-

73 1976 217 2026 petere
249 1973 495 2028 liberorum,
522 1974 572 2015 ad
595 1989 728 2029 usque
753 1975 943 2016 taedium
963 1975 1141 2029 pedibus
1173 1976 1423 2030 pauimenta

160 2167 182 2197 4
206 2163 368 2197 obluridi
398 2163 465 2198 VP
489 2164 620 2198 coloris
646 2163 807 2199 obluridi
841 2165 875 2199 G
905 2165 1077 2200 oblurida
1106 2167 1150 2202 ba
1232 2168 1280 2202 *7
1305 2168 1422 2203 Semi-

70 2207 231 2242 ramides
253 2207 287 2241 V
331 2213 371 2242 11
397 2208 512 2243 fortes
540 2208 609 2243 VP
657 2214 698 2244 15
721 2209 907 2254 perflabili
932 2221 1020 2245 sono
1044 2212 1167 2246 uocali
1192 2215 1370 2257 transpoa
1386 2212 1422 2249 G-

70 2252 245 2286 uocabuli
274 2252 342 2287 VP
387 2253 563 2288 tinnitum
593 2253 628 2287 V
646 2254 769 2289 tonitu
793 2255 830 2289 P
879 2259 918 2290 19
944 2255 989 2290 ad
1015 2256 1083 2300 bya
1108 2256 1153 2291 de
1178 2258 1282 2293 codd.
1309 2269 1420 2309 -pen-

69 2302 192 2331 torum
216 2297 303 2332 add.
333 2297 379 2331 V²
455 2302 497 2332 26
521 2298 758 2333 minimarum
788 2299 856 2334 VP
878 2300 1075 2336 mimarum
1101 2301 1144 2346 by
1230 2307 1272 2338 31
1297 2303 1420 2337 mxius

74 2339 144 2375 1⁷1²
166 2341 273 2376 nidus
299 2343 379 2386 (om,
403 2343 475 2387 ter)
504 2342 680 2379 Valesius,
