1614 2549
357 130 695 166 CONSTANTIVS
719 130 779 165 ET
803 130 1037 166 IVLIANVS
1061 137 1126 168 359
1335 134 1414 178 195

0 263 1 266 ,
62 226 206 265 menta
243 224 437 279 palatina
474 224 626 267 cohors
666 225 875 279 exquisite
907 226 1155 281 confingens
1193 227 1412 269 inmunem

0 308 2 338 3
62 297 158 324 eum
196 283 286 325 fore
317 284 530 325 malorum
562 284 851 325 communium
877 284 1113 340 adserebat7
1150 285 1288 329 fatum
1320 287 1408 329 eius

0 342 3 362 ³
59 341 210 396 uigens
243 357 410 397 semper
431 345 474 384 et
503 357 706 396 praesens
739 342 785 383 in
805 343 1027 385 abolendis
1061 344 1239 386 aduersa
1259 359 1411 388 conan-

0 398 17 438 22
58 400 190 442 tibus
207 401 390 443 eluxisse
422 401 598 443 uocibus
630 401 798 455 magnis
832 401 1088 444 exclamans.

0 464 38 500 '15
179 460 245 501 17.
276 460 335 501 Et
366 460 621 515 inquisitum
658 460 704 501 in
703 435 841 501 0haec
871 460 1050 514 negotia
1081 461 1237 503 fortius
1269 477 1408 518 nemo,

58 517 132 571 qui
173 519 344 573 quidem
387 521 501 560 recte
534 518 686 572 sapiat,
723 517 1008 572 ieprehendit.
1068 534 1146 561 nec
1185 521 1299 562 enim
1338 522 1409 563 ab·

55 576 226 619 nuimus
247 578 431 619 salutem
461 577 649 631 legitimi
673 577 880 631 principis
911 580 1245 632 propuonatoris
1278 580 1409 622 bono-

55 649 150 676 rum
189 639 231 677 et
268 636 516 690 defensoris,
554 635 664 677 unde
703 635 818 677 salus
853 637 1071 690 quaeritur
1110 637 1221 693 aliis,
1261 653 1408 680 conso-

55 694 166 735 ciato
206 695 347 736 studio
387 695 546 736 muniri
579 694 731 735 debere
764 697 1031 748 cunctorum3
1071 696 1190 737 cuius
1222 698 1408 738 retinen-

0 765 34 792 ιο
54 752 131 794 dae
164 768 291 795 causa
321 754 506 795 ualidius
538 753 613 795 ubi
645 753 847 794 maiestas
886 754 1059 807 pulsata
1090 755 1344 810 defenditur,
1382 771 1407 797 a

55 811 379 865 quaestionibus
412 813 481 853 uel
514 812 701 854 cruentis
733 812 898 853 nullam
920 811 1144 855 Corneliae
1176 814 1293 868 leges
1315 829 1407 856 exe-

52 884 168 912 mere
200 871 429 913 fortunam.
484 872 548 913 18.
581 871 654 912 sed
676 871 868 912 exultare
901 872 1077 912 maestis
1099 873 1268 913 casibus
1290 873 1407 914 effre-

6 936 9 949 *
50 932 149 970 nate
193 944 281 971 non
324 930 455 984 decet,
498 945 552 971 ne
595 930 823 971 uideantur
866 929 1041 971 licentia
1077 932 1172 985 regi
1210 931 1404 985 subiecti,

7 1039 15 1043 -
50 1002 138 1029 non
168 991 396 1042 potestate.
446 988 678 1030 imitandus
711 988 768 1029 sit
800 987 968 1029 Tullius
1002 1003 1098 1030 cum
1128 1003 1302 1043 parcere
1334 991 1404 1032 uel

1 1046 31 1086 1'5
52 1046 218 1088 laedere
237 1048 464 1101 potuisset⁷
495 1050 543 1089 ut
569 1047 661 1101 ipse
682 1047 892 1101 adfirmat,
923 1048 1174 1101 ignoscendi
1194 1063 1402 1102 quaerens

50 1120 210 1160 causas,
242 1120 329 1148 non
358 1106 563 1160 puniendi
596 1105 854 1160 occasiones,
886 1106 1000 1160 quod
1030 1106 1182 1148 iudicis
1222 1107 1328 1148 lenti
1360 1111 1404 1149 et

49 1165 308 1206 considerati
340 1167 405 1207 est
436 1165 671 1219 proprium.

169 1224 234 1265 19.
268 1223 387 1265 Τ11116
421 1224 531 1278 apud
550 1223 763 1277 Daphnen
795 1237 1022 1264 amoenum
1053 1223 1162 1265 illud
1194 1225 1237 1264 et
1267 1224 1401 1266 ambi-

47 1282 206 1323 tiosum
238 1282 497 1324 Antiochiae
530 1282 824 1324 suburbanum
849 1282 945 1323 uisu
971 1282 1194 1337 relatuque
1226 1283 1400 1325 horren-

0 1343 1 1380 }
47 1340 147 1382 dum
189 1344 339 1382 natum
383 1344 448 1382 est
491 1343 730 1382 monstrum
775 1340 917 1382 infans
962 1355 1035 1382 ore
1085 1341 1258 1395 gemino
1303 1356 1399 1383 cum

0 1409 2 1457 l
46 1400 243 1441 dentibus
276 1400 389 1441 binis
423 1402 464 1441 et
502 1400 637 1441 barba
669 1402 952 1454 quattuorque
985 1399 1120 1440 oculis
1154 1404 1197 1441 et
1234 1400 1396 1442 breuis-

45 1458 164 1500 simis
198 1459 360 1500 duabus
393 1459 609 1512 auriculis7
647 1458 721 1512 qui
756 1460 904 1512 partus
943 1458 1007 1499 ita
1038 1458 1246 1500 distortus
1278 1474 1398 1513 prae-

43 1517 247 1559 monebat
259 1532 350 1558 rem
369 1517 588 1572 publicam
607 1517 651 1558 in
666 1518 827 1558 statum
840 1517 953 1558 uerti
966 1516 1212 1558 deformem.
1242 1517 1310 1558 20.
1324 1532 1398 1559 na·-

43 1578 218 1617 scuntur
237 1576 362 1617 huius
384 1576 500 1618 modi
532 1590 658 1630 saepe
678 1577 879 1641 portenta
911 1575 1145 1617 indicantia
1164 1590 1307 1618 rerum
1325 1591 1397 1618 ua-

42 1635 205 1676 riarum
238 1638 428 1689 euentus,
462 1650 569 1689 quae
603 1635 805 1689 quoniam
836 1648 923 1676 non
954 1635 1179 1688 expiantur
1210 1638 1258 1676 ut
1284 1635 1396 1689 apud

41 1696 207 1736 ueteres
239 1694 424 1748 publice,
455 1694 649 1735 inaudita
679 1696 954 1748 praetereunt
985 1696 1028 1734 et
1058 1693 1291 1748 incognita.

163 1751 236 1794 13.
273 1754 308 1794 1.
328 1753 408 1794 His
440 1753 706 1806 temporibus
726 1752 866 1794 Isauri
892 1752 964 1793 diu
984 1752 1117 1806 quieti
1136 1754 1236 1806 post
1255 1755 1392 1808 gesta,

40 1825 146 1865 quae
192 1812 387 1865 superior
431 1812 622 1852 continet
664 1814 818 1865 textus,
860 1813 1204 1865 temptatumque
1247 1811 1391 1854 Seleu-

40 1870 128 1911 ciae
150 1870 338 1912 ciuitatis
361 1870 575 1912 obsidium
594 1870 805 1924 paulatim
824 1870 1142 1923 reuiuiscentes,
1173 1871 1221 1911 ut
1248 1870 1392 1911 solent

11 1912 21 1985 1
40 1943 170 1970 uerno
191 1931 382 1983 tempore
404 1929 539 1970 foueis
562 1929 713 1969 exilire
735 1931 965 1982 serpentes,
987 1928 1169 1969 saltibus
1196 1928 1390 1982 degressi

16 1988 300 2041 'scrupulosis
335 1990 376 2029 et
408 1988 536 2028 inuiis
570 1987 835 2041 confertique
866 1986 911 2027 in
943 2001 1096 2028 cuneos
1130 1986 1283 2028 densos
1315 2001 1392 2041 per

38 2045 155 2087 furta
187 2049 229 2088 et
261 2047 491 2088 latrocinia
522 2046 730 2087 finitimos
763 2045 1054 2099 adflictabant,
1090 2046 1390 2099 praetenturas

38 2105 227 2146 militum
258 2108 306 2146 ut
338 2106 533 2146 montani
565 2105 765 2146 fallentes
796 2118 958 2158 perque
990 2104 1109 2158 rupis
1143 2106 1186 2144 et
1217 2104 1392 2145 dumeta

38 2177 88 2204 ex
119 2179 198 2205 usu
229 2163 354 2205 facile
387 2165 684 2206 discurrentes.
746 2164 784 2204 2.
818 2163 870 2204 ad
903 2177 1008 2217 quos
1040 2163 1085 2204 ui
1120 2162 1190 2204 uel
1222 2163 1389 2204 ratione

126 2328 146 2358 3
171 2326 304 2381 uigens
333 2325 400 2360 VP
431 2325 562 2370 ingens
595 2325 661 2370 hya
754 2328 774 2359 9
804 2323 1024 2360 retinendae
1054 2324 1185 2367 scripsi
1215 2323 1387 2358 redinen-

35 2369 104 2404 dae
139 2380 199 2404 coc<
193 2370 241 2404 Ἥ.
276 2353 519 2405 redimendae
557 2371 626 2420 119α
718 2374 758 2404 21
792 2369 966 2404 dentibus
1003 2380 1088 2403 cum
1119 2372 1299 2413 transpos.
1323 2368 1388 2412 τὸς]

34 2419 77 2450 27
101 2415 158 2449 his
177 2415 258 2449 auri
288 2415 357 2449 VP
403 2418 445 2449 28
471 2415 665 2450 continent
693 2413 726 2449 V
804 2419 847 2450 30
870 2414 1040 2458 tempore
1071 2413 1138 2449 VP
1162 2414 1294 2458 tepore
1318 2413 1387 2457 baa

1101 2471 1172 2506 13>3
