1573 2508
171 97 225 139 76
647 97 713 131 xv
741 101 795 140 13,
820 96 972 132 3-xv1
1003 101 1030 139 ι,
1057 101 1077 132 5
1524 69 1546 104 Υ

172 191 437 247 Strategium
481 192 735 244 ‹lictitatum,
779 195 822 232 et
864 206 915 233 ex
959 205 1008 232 eo
1053 191 1265 245 percursis
1308 187 1543 234 honorum⁴

173 252 376 306 gradibus
397 251 544 293 multis
566 250 757 291 ascendit
779 250 832 291 ad
863 250 1187 304 praefecturam,
1217 250 1403 304 prudens
1435 249 1539 291 alia.

172 310 498 365 tolerabilisque
542 309 776 363 prouinciis
815 311 858 349 et
894 308 1010 349 mitis
1049 311 1092 349 et
1134 308 1315 350 blandus
1359 308 1434 350 sed
1471 321 1547 359 ex,

173 369 367 422 qualibet
398 368 620 410 occasione
652 367 920 421 maximeque
953 381 1002 407 ex
1035 367 1322 409 controuersis
1361 366 1524 421 litibus,

174 428 286 481 quod
305 428 534 469 nefandum
556 431 631 480 est,
663 430 706 468 et
736 427 782 467 in
813 429 952 467 totum
984 425 1176 467 lucrandi
1197 425 1404 468 auiditate
1435 439 1552 467 sor-e

173 486 360 540 descens,
391 489 439 528 ut
457 487 568 528 inter
589 485 674 527 alia
699 486 837 526 multa
856 484 1072 526 euidenter
1093 484 1293 538 apparuit
1323 484 1367 525 in
1399 497 1523 538 quae-

174 546 386 586 stionibus
427 545 602 599 agitatis
641 559 768 598 super
806 547 942 585 morte
975 543 1208 597 Theophili
1241 541 1390 598 Syriae
1428 556 1524 584 con-

174 604 347 657 sularis,
386 604 627 657 proditione
661 602 856 644 Caesaris
890 602 1024 655 Galli,
1063 602 1224 656 impetu
1256 601 1398 656 plebis
1430 615 1524 655 pro-

175 663 360 704 miscuae
394 663 610 716 discerpti,
641 662 714 702 ubi
741 661 952 702 damnatis
986 661 1256 715 pauperibus,
1289 673 1394 714 quos
1427 673 1524 701 cum

174 721 278 762 haec
313 725 555 775 agerentur,
586 733 764 774 peregre
795 719 927 761 fuisse
959 719 1197 772 constabat,
1229 721 1422 760 auctores
1442 717 1555 758 (lirin

175 779 380 821 facinoris
413 780 551 820 exutis
583 778 855 833 patrimoniis
889 777 1077 819 absoluti
1109 780 1208 819 sunt
1238 777 1407 818 diuites.

295 839 334 879 3.
348 838 472 879 Himc
492 838 678 903 Prosper
699 837 976 891 adaequabat,
995 851 1072 890 pro
1094 836 1302 891 magistro
1325 835 1527 890 equitum,

177 899 332 951 agente
364 898 494 938 etiam
534 899 622 937 tum
663 897 707 937 in
738 895 906 948 Galliis,
944 895 1127 936 militem
1160 908 1324 949 legens,
1362 893 1526 935 abiecte

177 955 360 1009 iwnauus
393 959 446 1006 et,
478 957 525 996 ut
556 955 617 996 ait
649 955 846 1008 comicus,
879 957 968 995 alte
990 954 1190 1008 despecta
1219 954 1431 994 fur-tomm
1462 966 1527 994 ra-

177 1014 298 1067 piens
330 1014 567 1068 propalam.
1544 1026 1559 1053 2

296 1073 336 1113 4.
345 1073 449 1122 Quis
462 1087 615 1114 conc01
618 1072 817 1113 (lantibus
830 1074 1060 1124 mutuaque
1073 1085 1257 1112 commer
1261 1069 1528 1112 eiauicissim

179 1131 262 1171 sibi
295 1131 562 1172 conciliando
596 1130 869 1185 locupletatis
890 1129 1053 1170 Persici
1085 1129 1210 1170 (luces
1231 1128 1362 1170 uicini
1393 1127 1529 1169 flumi-

177 1190 304 1231 nibus
337 1203 438 1243 rege
472 1191 514 1230 in
547 1189 712 1231 ultimis
745 1192 955 1230 terrarum
988 1202 1161 1229 suarum
1191 1187 1388 1229 terminis
1409 1200 1529 1228 occu-

178 1251 279 1302 pato
319 1263 393 1301 per
429 1248 723 1302 praedatorios
763 1247 915 1301 globos
953 1250 1101 1288 nostra
1138 1246 1369 1299 uexabant,
1418 1258 1530 1286 nunc

179 1306 440 1359 Armeniam,
479 1307 736 1361 aliquotiens
769 1306 1126 1359 Mesopotamiam
1159 1304 1437 1346 confidentius
1469 1303 1561 1345 in-fli

180 1369 400 1407 cursantes
420 1365 627 1406 Romanis
649 1364 896 1406 ductoribus
930 1364 981 1405 ad
1015 1364 1279 1418 colligendas
1306 1362 1530 1404 oboedien-

179 1424 287 1465 tium
321 1425 495 1465 exuuias
528 1424 757 1477 occupatis.

674 1599 735 1639 L]
760 1599 841 1640 BE
858 1598 891 1639 R
939 1598 1040 1638 XVI

217 1705 249 1737 1.
276 1702 424 1737 Iuliani
451 1702 621 1737 Caesaris
645 1702 737 1736 laus.
983 1704 1134 1735 cassatur
1158 1703 1189 1734 et
1215 1699 1434 1734 absoluitur.

209 1748 243 1781 2.
274 1747 450 1782 Iulianus
471 1746 571 1782 Caes.
591 1747 820 1781 Alamannos
922 1750 954 1780 7.
983 1745 1161 1780 Iulianus
1196 1743 1331 1779 Caesar
1366 1755 1389 1777 (ι
1418 1752 1530 1787 prae-

272 1792 462 1834 adoritwr,
487 1792 627 1833 caedit,
663 1792 762 1836 capit
787 1795 818 1826 et
978 1790 1098 1833 posito
1111 1789 1269 1824 cubtculi
1280 1788 1340 1823 sui
1353 1787 1535 1823 Eutherio

270 1837 315 1878 fu
339 1840 388 1874 at.
982 1834 1084 1878 apud
1099 1835 1347 1877 imperatorem
1364 1832 1530 1876 defendi-

209 1883 240 1916 3.
270 1881 318 1915 Co
336 1882 458 1916 oniam
500 1894 521 1915 a
559 1881 723 1916 Francis
761 1891 817 1915 ca·
984 1884 1044 1914 tur
1083 1879 1263 1914 aduersus
1291 1877 1531 1919 Marcellum

266 1930 371 1970 ptam
394 1926 523 1970 recipit
555 1930 593 1960 et»
612 1936 740 1969 pacem
771 1926 821 1960 ibi
983 1927 1066 1960 laus
1089 1923 1274 1958 Eutherii.

271 1982 352 2006 cum
397 1971 629 2006 Francorum
679 1971 820 2015 reyibus
919 1972 954 2004 S.
982 1969 1194 2005 Delationes
1245 1971 1279 2003 ct
1325 1965 1532 2002 calumniae

272 2017 374 2057 facit.
984 2015 1023 2049 in
1053 2014 1183 2049 castris
1210 2011 1420 2047 Constantii
1450 2011 1531 2044 Au·

210 2061 381 2103 4211ssst
428 2060 592 2095 Senonas
643 2060 819 2104 oppidum
983 2059 1081 2104 {lusti
1111 2062 1143 2094 ct
1178 2057 1384 2092 aulicorum
1421 2065 1530 2099 rapa-

272 2106 317 2140 ab
341 2106 564 2140 Alamannis
587 2105 780 2142 obsidetur.
984 2105 1086 2140 citas.

211 2154 242 2184 5.
268 2150 416 2184 Iuliani
447 2149 619 2184 Caesaris
650 2151 819 2184 uirtutes.
920 2153 953 2182 .’).
979 2149 1117 2193 Ayae'tur
1141 2147 1185 2182 dc
1210 2157 1303 2192 pace
1331 2156 1413 2182 cum
1442 2144 1531 2179 Per-

212 2201 244 2229 ti.
270 2195 432 2236 Arbetio,
459 2196 518 2229 uir
536 2195 739 2230 consularis
763 2206 819 2229 ac-
983 2194 1043 2229 sis.

274 2336 339 2369 *12
370 2335 467 2368 hunc
503 2335 534 2367 (ι’
561 2334 630 2367 huc
663 2333 773 2367 Vl'ba
799 2332 918 2376 adaeq
922 2331 1070 2366 uitabat
1099 2329 1212 2365 VPba
1306 2332 1346 2363 14
1368 2328 1534 2363 Plautus

182 2381 344 2425 Epulaco
368 2379 382 2413 I
410 2384 440 2422 l,
469 2383 510 2414 10
586 2382 629 2412 ‘20
653 2377 854 2421 aliquoties
881 2378 913 2411 G
939 2375 1082 2420 aliquot
1112 2374 1223 2410 Vl’ba
