1614 2549
418 114 757 151 CONSTANTIVS
782 115 843 149 ET
868 115 1099 150 IVLIANVS
1123 120 1189 150 359
1355 116 1434 158 153

85 210 345 253 transcursis
376 209 592 263 proiciunt
624 208 813 251 calculos
853 212 982 264 atque
1019 209 1083 251 ita
1121 210 1311 252 securius
1343 226 1437 265 per-

202 326 245 369 4.
264 328 300 368 1.
313 327 429 368 Dum
443 327 555 381 apud
571 326 778 369 Sirmium
804 327 909 368 haec
929 327 1157 381 diligentia
1171 331 1437 382 quaeruntur

86 387 280 441 inpensa,
320 387 498 428 orientis
530 386 705 428 fortuna
736 386 1026 440 periculorum
1058 387 1275 428 terribiles
1306 387 1437 429 tubas

50 445 276 488 5inflabat.
337 459 411 486 rex
453 445 566 486 enim
603 444 792 486 Persidis
836 444 1026 485 ferarum
1070 446 1284 499 gentium,
1329 461 1437 500 quas

84 504 296 558 placarat,
328 504 586 545 adiumentis
618 503 834 544 accinctus
867 503 1135 558 augendique
1167 504 1291 558 regni
1323 506 1438 559 cupi-

85 563 220 605 ditate
252 578 383 617 supra
413 563 610 604 homines
649 562 837 616 flagrans
871 576 991 603 arma
1022 562 1222 617 uiresque
1254 564 1437 617 parabat

86 625 128 663 et
160 624 441 674 commeatus,
479 621 659 662 consilia
697 621 899 662 tartareis
938 621 1137 662 manibus
1176 622 1360 663 miscens
1394 625 1438 663 et

83 681 354 735 praesciones
388 695 535 721 omnes
568 680 795 722 consulens
835 680 884 720 de
922 680 1099 733 futuris,
1137 680 1290 735 hisque
1330 681 1437 722 satis

32 758 66 783 10
85 739 279 781 collectis
310 739 544 793 peruadere
577 742 730 780 cuncta
760 739 902 792 prima
933 739 1055 780 uerni
1085 740 1292 793 temperie
1325 740 1439 794 cogi-

85 798 221 840 tabat.

205 858 243 898 2.
273 856 333 898 Et
364 872 462 898 cum
492 857 597 898 haec
628 857 769 910 primo
801 870 1008 910 rumores,
1040 856 1138 897 dein
1167 857 1310 898 nuntii
1331 857 1439 898 certi

84 916 325 971 perferrent
363 930 595 970 omnesque
634 929 862 968 suspensos
902 915 1228 956 aduentantium
1265 915 1440 956 calami-

85 978 227 1017 tatum
248 975 512 1029 conplicaret
531 987 690 1028 magna
715 973 912 1027 formido,
945 972 1253 1015 Comitatensis
1273 974 1439 1015 fabrica

33 1051 67 1077 15
88 1034 265 1075 eandem
297 1033 494 1075 incudem
526 1058 581 1062 —
613 1036 662 1074 ut
701 1032 858 1074 dicitur
890 1057 945 1061 —
978 1032 1051 1074 diu
1088 1036 1304 1087 noctuque
1341 1036 1438 1074 tun-

86 1093 222 1134 dendo
255 1093 307 1134 ad
340 1092 576 1146 spadonum
609 1092 851 1145 arbitrium,
883 1092 1138 1145 imperatori
1158 1092 1369 1146 suspicaci
1390 1106 1438 1133 ac

83 1151 236 1193 timido
280 1151 532 1192 intendebat
570 1150 822 1192 Vrsicinum
866 1150 986 1191 uelut
1030 1151 1178 1192 uultus
1217 1150 1440 1204 Gorgonei

83 1210 355 1263 toruitatem,
392 1210 497 1251 haec
530 1224 656 1263 saepe
688 1210 879 1263 taliaque
911 1209 1124 1263 replicans
1159 1209 1272 1264 quod
1309 1210 1440 1251 inter-

85 1272 230 1324 empto
277 1269 453 1311 Siluano
499 1269 623 1323 quasi
665 1268 846 1322 penuria
889 1268 1116 1309 meliorum
1160 1268 1214 1309 ad
1255 1268 1439 1310 tuendas

32 1345 66 1370 20
84 1332 230 1382 partes
272 1343 370 1370 eoas
416 1328 553 1369 denuo
598 1328 754 1369 missus
794 1327 924 1368 altius
964 1327 1208 1368 anhelabat.
1269 1328 1308 1368 3.
1356 1327 1439 1368 hac

86 1390 232 1429 autem
269 1387 521 1428 adsentandi
561 1387 696 1427 nimia
740 1386 946 1427 foeditate
984 1386 1167 1427 mercari
1212 1385 1438 1439 conplures

84 1446 336 1488 nitebantur
373 1446 536 1487 Eusebi
574 1445 787 1497 fauorem,
826 1445 1012 1486 cubiculi
1050 1448 1153 1486 tunc
1189 1444 1442 1498 praepositi,

86 1505 199 1559 apud
231 1520 357 1559 quem
390 1530 446 1534 ——
479 1506 516 1546 si
547 1519 646 1546 uere
679 1504 763 1545 dici
794 1504 948 1544 debeat
981 1529 1035 1533 —
1069 1503 1208 1544 multa
1233 1502 1442 1545 Constan-

85 1564 173 1605 tius
205 1564 360 1618 potuit,
392 1566 491 1605 ante
523 1563 629 1605 dicti
661 1563 861 1617 magistri
893 1563 1086 1617 equitum
1119 1562 1303 1603 salutem
1336 1562 1442 1603 acri-

34 1639 68 1666 25
87 1625 154 1664 ter
191 1623 471 1677 inpugnantis
509 1623 674 1664 ratione
714 1622 888 1675 bifaria,
934 1622 1047 1675 quod
1086 1621 1277 1662 omnium
1322 1621 1439 1662 solus

85 1695 164 1722 nec
197 1682 290 1736 opis
324 1682 414 1723 eius
437 1682 592 1735 egebat
623 1684 670 1722 ut
703 1681 846 1733 ceteri,
878 1684 921 1721 et
942 1681 1067 1721 domo
1102 1695 1179 1721 sua
1210 1694 1298 1720 non
1324 1680 1441 1721 cede-

86 1743 154 1781 ret
184 1740 455 1796 Antiochiae,
487 1755 617 1794 quam
649 1739 954 1781 molestissime
987 1739 1228 1793 flagitabat.
1289 1739 1328 1779 4.
1367 1738 1441 1792 qui

86 1802 136 1840 ut
173 1799 348 1840 coluber
380 1800 504 1853 copia
540 1799 660 1840 uirus
694 1799 931 1839 exuberans
969 1800 1171 1838 natorum
1202 1796 1443 1838 multitudi-

86 1872 185 1898 nem
217 1859 347 1899 etiam
379 1861 472 1899 tum
506 1871 633 1911 aegre
667 1857 930 1910 serpentium
970 1856 1161 1897 excitans
1201 1856 1253 1897 ad
1290 1870 1442 1896 nocen-

34 1933 69 1959 30
88 1915 201 1970 dum,
234 1917 461 1958 emittebat
481 1915 768 1957 cubicularios
801 1916 888 1956 iam
921 1915 1108 1966 adultos,
1141 1917 1189 1955 ut
1221 1915 1333 1955 inter
1365 1913 1443 1954 mi-

87 1975 272 2016 nisteria
304 1975 417 2016 uitae
451 1974 694 2016 secretioris
727 1973 972 2028 gracilitate
1003 1973 1122 2013 uocis
1143 1987 1312 2026 semper
1342 1986 1443 2026 pue-

87 2033 182 2075 rilis
216 2037 258 2075 et
289 2034 472 2075 blandae
505 2033 616 2087 apud
653 2032 860 2086 principis
901 2045 1023 2072 aures
1055 2031 1238 2072 nimium
1269 2030 1444 2085 patulas

90 2093 455 2134 existimationem
486 2092 571 2134 uiri
602 2091 728 2132 fortis
761 2090 925 2131 inuidia
957 2090 1081 2144 graui
1112 2090 1348 2143 pulsarent.
1399 2091 1443 2130 et

182 2236 202 2266 5
226 2230 385 2265 inflabat
409 2231 474 2275 bJa
497 2229 665 2264 neflabat
692 2229 727 2262 V
723 2230 760 2263 Ρ
807 2233 827 2263 9
844 2229 1080 2279 praesciones
1099 2227 1312 2262 Gronouius
1335 2237 1443 2271 prae-

91 2308 546 2397 2¹3.i81i7113iianelebat
569 2353 605 2387 P
687 2357 730 2387 22
755 2352 919 2388 cubiculi
947 2351 1017 2385 GA
1042 2351 1157 2386 cubili
1186 2351 1276 2385 VPb
1345 2354 1387 2384 23
1413 2348 1445 2382 si

90 2408 183 2433 uera
208 2398 282 2433 dici
308 2399 342 2433 G
365 2399 436 2433 sibi
460 2398 577 2432 redjci
607 2397 674 2432 VP
767 2401 809 2432 26
835 2397 973 2442 egebat
999 2397 1033 2431 G
1058 2396 1196 2442 agebat
1224 2395 1293 2430 VP

368 2309 646 2353 raestigiatores
674 2308 707 2342 G
800 2312 842 2342 20
866 2306 1100 2341 hanillebat‘
1106 2318 1125 2341 e
1144 2306 1231 2341 add.
1248 2317 1347 2343 man
1366 2304 1441 2338 II
1431 2316 1445 2338 1
