1573 2508
129 95 214 134 110
576 94 658 128 xvl
688 98 742 140 12,
771 93 964 129 oe-lel

249 190 318 231 622.
330 189 494 238 Quibus
510 189 569 230 ita
586 189 734 231 fauore
743 188 1111 243 superninuminis
1120 191 1300 230 termina
1310 188 1365 230 tis
1378 190 1480 243 post

131 251 327 289 exactum
360 248 444 288 iam
479 247 590 288 diem
624 248 844 289 occinente
876 245 1040 289 liticine
1060 250 1285 289 reuocatus
1310 246 1480 295 inuitis-

133 307 266 347 simus
287 306 412 346 miles
445 320 578 360 prope
599 306 830 360 supercilia
847 304 988 347 Rheni
1020 305 1224 347 tendebat
1244 303 1480 348 scutorun'r-
1523 335 1526 340 ,

133 379 212 418 que
257 363 405 405 ordine
446 364 736 418 multiplicato
775 364 964 406 uallatus
1009 363 1127 405 uictu
1170 363 1394 406 fruebatur
1436 366 1481 405 et
1528 406 1531 411 ,

132 436 295 463 somno.
328 422 395 463 63.
423 423 668 464 ceciderunt
687 427 831 465 autem
853 423 900 464 in·
916 422 996 464 hac
1022 435 1167 477 pugna
1184 421 1370 464 Romani
1389 422 1478 477 qui-
1498 436 1549 467 5η

131 481 226 522 dem
260 491 376 522 (²ch
409 485 452 522 et
482 493 543 535 111,
575 485 763 523 rectores
795 496 897 523 uero
929 494 1014 523 1111:
1046 480 1346 522 Bainobaudes
1379 478 1500 531 Cor„
1541 471 1550 499 ¹

130 542 334 581 nutorum
366 539 563 581 tribunus
596 540 784 594 adaeque
803 540 962 594 Laipso
995 543 1038 581 et
1061 539 1336 581 Innocentius
1367 542 1485 581 cata*
1541 526 1551 563 λ’

130 597 401 652 phractarios
440 598 596 639 ducens
635 602 679 640 et
716 613 875 640 uacans
908 599 1081 653 quidam
1120 598 1319 640 tribunus
1358 597 1478 639 cuius

130 671 215 698 non
256 656 447 709 suppetit
490 671 666 697 nomen:
711 672 762 698 ex
798 657 1055 699 Alamannis
1100 671 1201 698 uero
1247 671 1318 697 sex
1357 656 1480 698 milia

131 729 359 768 corporum
398 718 623 756 numerata
662 719 761 757 sunt
804 717 849 757 in
888 730 1038 770 campo
1077 718 1296 756 constrata
1333 718 1377 756 et
1420 715 1537 756 in-xo

132 772 425 814 aestimabiles
475 776 744 815 mortuorum
795 774 937 816 acerui
987 788 1062 828 per
1107 773 1240 814 undas
1291 773 1479 814 fluminis

130 831 390 872 ferebantur.
423 831 490 872 64.
524 835 624 873 tunc
645 832 838 874 Iulianus
857 836 906 874 ut
926 835 1017 874 erat
1037 832 1210 873 fortuna
1230 832 1296 873 sui
1317 834 1480 886 SPQAER·

131 890 216 930 tior
249 889 498 944 meritisque
531 891 670 945 magis
692 905 820 945 quam
852 891 1032 945 imperio
1058 894 1224 944 potens,
1255 889 1478 944 Augustus

132 947 445 989 adclamatione
485 949 682 990 concordi
720 950 854 991 totius
894 949 1104 991 exercitus
1144 948 1406 1003 appellatus
1433 951 1480 990 ut

132 1009 309 1060 agentes
341 1007 606 1059 petulantius
638 1008 801 1049 milites
834 1006 1097 1062 increpabat,
1127 1007 1169 1048 id
1205 1021 1249 1048 se
1280 1022 1358 1048 nec
1391 1021 1480 1061 spe-
1501 1019 1536 1045 1⁵

130 1079 224 1106 rare
256 1078 333 1106 nec
365 1064 543 1119 adipisci
575 1066 686 1107 uelle
719 1067 897 1108 iurando
930 1067 1200 1108 confirmans.
1251 1066 1318 1107 65.
1358 1069 1399 1106 ct
1431 1069 1479 1107 ut

131 1125 309 1177 augeret
347 1126 525 1164 euentus
564 1125 736 1166 secundi
775 1125 1005 1177 laetitiam,
1046 1124 1226 1166 concilio
1265 1127 1478 1166 cmwocato

122 1182 423 1236 propositisque
465 1183 687 1236 praemiis,
736 1184 925 1237 propitio
970 1198 1042 1225 ore
1088 1182 1478 1224 Chonodomarium

132 1240 215 1282 sibi
252 1239 380 1281 iussit
412 1240 566 1281 offerri.
629 1242 702 1295 qui
740 1242 880 1295 primo
914 1245 1132 1295 curuatus,
1171 1241 1320 1282 deinde
1358 1240 1477 1282 humi

132 1298 387 1352 suppliciter
436 1298 556 1339 fusus
607 1300 846 1354 gentilique
902 1315 1025 1354 prece
1077 1300 1247 1341 ueniam
1297 1312 1476 1353 poscens
1497 1311 1532 1338 20

130 1358 243 1398 bono
265 1356 407 1398 animo
430 1371 521 1397 esse
543 1361 609 1399 est
641 1358 793 1400 iussus.
825 1359 893 1400 66.
926 1363 969 1400 et
988 1359 1138 1400 diebus
1158 1361 1311 1412 postea
1329 1357 1477 1412 paucis

130 1415 282 1456 ductus
327 1415 378 1456 ad
424 1416 677 1458 comitatum
724 1417 998 1471 imperatoris
1043 1417 1284 1471 missusque
1328 1415 1478 1457 exinde

130 1473 313 1515 Romam
358 1474 403 1514 in
448 1475 600 1515 castris
645 1476 902 1530 peregrinis,
949 1491 1056 1530 quae
1100 1476 1144 1516 in
1189 1478 1333 1516 monte
1380 1477 1479 1516 sunt

131 1532 291 1585 Caelio,
323 1532 474 1573 morbo
508 1534 673 1574 ueterni
706 1537 984 1588 consumptus
1018 1538 1095 1575 est.
1563 1584 1565 1586 Ι

250 1592 317 1632 67.
332 1590 413 1632 His
434 1593 564 1632 totae
580 1592 739 1633 talibus
753 1607 959 1646 prospero
973 1593 1159 1647 peractis
1174 1596 1328 1633 euentu
1351 1592 1395 1633 in
1408 1606 1479 1646 pa·
1497 1603 1534 1628 25
1563 1592 1573 1621 ἵ

130 1649 237 1690 latio
259 1648 485 1690 Constanti
509 1650 681 1703 quidam
707 1650 923 1692 Iulianum
945 1652 1178 1705 culpantes,
1199 1654 1247 1692 ut
1278 1651 1477 1704 princeps

129 1708 222 1761 ipse
243 1707 541 1761 delectaretur,
573 1709 749 1750 iuris-ine
770 1708 1042 1751 Victorinum
1071 1711 1164 1751 ideo
1185 1709 1478 1761 nominabant,
1540 1737 1545 1744 -

131 1766 243 1819 quod
265 1766 499 1807 uerecunde
531 1767 733 1821 referens,
767 1769 963 1821 quotiens
990 1769 1234 1822 imperaret,
1255 1770 1477 1821 superatos

130 1824 351 1866 indicabat
366 1839 492 1878 saepe
508 1825 760 1868 Germanos.
797 1827 865 1868 68.
880 1827 1076 1881 interque
1097 1825 1476 1880 exaggerationem

130 1883 323 1924 inanium
368 1883 541 1924 laudum
582 1885 1002 1939 ostentationemque
1050 1887 1196 1939 aperte
1243 1884 1476 1925 lucentium
1496 1896 1532 1920 30

1562 1976 1569 1995 Ι

220 2060 239 2089 2
266 2056 507 2090 inuitissimus
539 2056 569 2089 V
592 2057 857 2091 inuictissimus
881 2057 985 2102 I’bqa
1042 2063 1061 2091 3
1087 2057 1192 2090 hreni
1223 2056 1254 2090 V
1308 2060 1328 2090 9
1353 2066 1415 2091 sex
1443 2056 1476 2090 G

128 2100 277 2134 sexaliis
307 2100 374 2134 VP
397 2112 459 2135 sex
486 2112 529 2134 cx
556 2101 638 2135 aliis
664 2102 742 2145 [Iac.
773 2106 812 2135 14
837 2101 922 2146 litt]
948 2103 983 2135 A
1048 2107 1088 2137 10
1111 2101 1309 2135 numerata.
1331 2101 1417 2134 sunt
1448 2099 1479 2133 V

128 2146 215 2178 sunt
240 2145 396 2178 inuenta,
419 2145 521 2189 I’bya
584 2150 623 2180 17
650 2145 805 2180 concilio
833 2145 916 2190 [lac.
945 2150 984 2180 12
1010 2145 1094 2190 lita]
1120 2157 1200 2179 mus
1231 2145 1378 2190 peciare
1411 2144 1476 2180 VP

128 2189 197 2223 lac.
225 2190 389 2232 expleui:
418 2191 637 2233 [conuocato
670 2190 942 2234 propositisque
970 2190 1189 2242 praeJmiis,
1220 2189 1385 2234 propitio
1411 2199 1473 2223 ore

129 2233 438 2268 chonodoumrius
474 2235 577 2278 J’bya
623 2234 907 2269 chnodomarius
948 2235 971 2268 l‘
1080 2238 1123 2270 20
1157 2244 1267 2278 prece
1309 2232 1475 2268 Valesius

129 2288 220 2322 pace
252 2278 385 2322 VI’bya
471 2283 513 2312 *24
540 2280 718 2313 “morbo
749 2278 782 2312 V
803 2279 991 2314 rimborbo
1018 2279 1075 2314 Pr
1158 2283 1199 2313 *27
1225 2277 1375 2313 inrisiue
1407 2277 1474 2312 Va·
1565 2300 1573 2329 .4

128 2322 238 2357 lesius
262 2323 439 2357 inurisiuc
459 2323 526 2357 ΥΡ
544 2323 747 2358 Victoriam
767 2324 851 2367 (wia
877 2323 937 2370 ba)
962 2323 1040 2359 siue
1059 2326 1135 2368 (-ne
1161 2323 1218 2366 ba)
1236 2323 1303 2368 bqa
1350 2327 1393 2358 30
1411 2321 1473 2357 ob-

126 2367 442 2412 testatioucmquc
473 2367 537 2402 VA
1564 2337 1573 2406 l

1566 2454 1573 2488 ,i

1568 2490 1573 2505 ι
