<?xml version="1.0" encoding="UTF-8"?>
<!DOCTYPE html PUBLIC "-//W3C//DTD XHTML 1.0 Transitional//EN"
    "http://www.w3.org/TR/xhtml1/DTD/xhtml1-transitional.dtd">
<html xmlns="http://www.w3.org/1999/xhtml" xml:lang="en" lang="en">
 <head>
  <title>
</title>
<meta http-equiv="Content-Type" content="text/html;charset=utf-8" />
  <meta name='ocr-system' content='tesseract 3.04.00' />
  <meta name='ocr-capabilities' content='ocr_page ocr_carea ocr_par ocr_line ocrx_word'/>
</head>
<body>
  <div class='ocr_page' id='page_1' title='image "./rerumgestarumlib01ammiuoft_0130.png"; bbox 0 0 1573 2508; ppageno 0'>
   <div class='ocr_carea' id='block_1_1' title="bbox 170 78 1028 122">
    <p class='ocr_par' dir='ltr' id='par_1_1' title="bbox 170 78 1028 122">
     <span class='ocr_line' id='line_1_1' title="bbox 170 78 1028 122; baseline -0.009 -1"><span class='ocrx_word' id='word_1_1' title='bbox 170 79 225 121; x_wconf 90' lang='grc'>80</span> <span class='ocrx_word' id='word_1_2' title='bbox 695 78 780 113; x_wconf 79' lang='lat' dir='ltr'>XVI</span> <span class='ocrx_word' id='word_1_3' title='bbox 806 82 836 120; x_wconf 78' lang='lat'>2,</span> <span class='ocrx_word' id='word_1_4' title='bbox 863 82 983 122; x_wconf 83' lang='lat'><strong>13—5,</strong></span> <span class='ocrx_word' id='word_1_5' title='bbox 1007 82 1028 113; x_wconf 81' lang='lat'><strong>4</strong></span> 
     </span>
    </p>
   </div>
   <div class='ocr_carea' id='block_1_2' title="bbox 170 158 1563 228">
    <p class='ocr_par' dir='ltr' id='par_1_2' title="bbox 170 158 1563 228">
     <span class='ocr_line' id='line_1_2' title="bbox 170 158 1563 228; baseline 0.001 -14.001"><span class='ocrx_word' id='word_1_6' title='bbox 170 173 419 217; x_wconf 82' lang='lat' dir='ltr'>aduentanti</span> <span class='ocrx_word' id='word_1_7' title='bbox 436 176 745 214; x_wconf 69' lang='lat' dir='ltr'>Germanorum</span> <span class='ocrx_word' id='word_1_8' title='bbox 765 186 915 215; x_wconf 71' lang='lat' dir='ltr'>manus</span> <span class='ocrx_word' id='word_1_9' title='bbox 932 187 1120 228; x_wconf 87' lang='lat' dir='ltr'>pugnam</span> <span class='ocrx_word' id='word_1_10' title='bbox 1142 173 1358 215; x_wconf 86' lang='lat' dir='ltr'>intentans</span> <span class='ocrx_word' id='word_1_11' title='bbox 1380 187 1521 215; x_wconf 87' lang='grc'>000111·-</span> <span class='ocrx_word' id='word_1_12' title='bbox 1547 158 1563 210; x_wconf 67' lang='grc'>1</span> 
     </span>
    </p>
   </div>
   <div class='ocr_carea' id='block_1_3' title="bbox 166 232 1565 2106">
    <p class='ocr_par' dir='ltr' id='par_1_3' title="bbox 170 232 1563 462">
     <span class='ocr_line' id='line_1_3' title="bbox 170 232 1563 296; baseline -0.001 -21"><span class='ocrx_word' id='word_1_13' title='bbox 170 234 239 275; x_wconf 89' lang='lat' dir='ltr'>rit.</span> <span class='ocrx_word' id='word_1_14' title='bbox 293 233 357 274; x_wconf 83' lang='lat'>13.</span> <span class='ocrx_word' id='word_1_15' title='bbox 377 246 556 286; x_wconf 82' lang='lat' dir='ltr'>cumque</span> <span class='ocrx_word' id='word_1_16' title='bbox 577 232 621 272; x_wconf 92' lang='lat' dir='ltr'>in</span> <span class='ocrx_word' id='word_1_17' title='bbox 640 232 856 273; x_wconf 80' lang='lat' dir='ltr'><strong>bicornem</strong></span> <span class='ocrx_word' id='word_1_18' title='bbox 876 232 1060 287; x_wconf 85' lang='lat' dir='ltr'>figuram</span> <span class='ocrx_word' id='word_1_19' title='bbox 1080 232 1170 274; x_wconf 88' lang='lat' dir='ltr'>acie</span> <span class='ocrx_word' id='word_1_20' title='bbox 1190 232 1328 274; x_wconf 90' lang='lat' dir='ltr'>diuisa</span> <span class='ocrx_word' id='word_1_21' title='bbox 1347 232 1519 274; x_wconf 89' lang='lat' dir='ltr'>conlato</span> <span class='ocrx_word' id='word_1_22' title='bbox 1555 262 1563 296; x_wconf 48' lang='grc' dir='ltr'>ἰ</span> 
     </span>
     <span class='ocr_line' id='line_1_4' title="bbox 173 290 1561 346; baseline -0.001 -13"><span class='ocrx_word' id='word_1_23' title='bbox 173 293 278 346; x_wconf 88' lang='lat' dir='ltr'>pede</span> <span class='ocrx_word' id='word_1_24' title='bbox 322 306 390 332; x_wconf 90' lang='lat' dir='ltr'>res</span> <span class='ocrx_word' id='word_1_25' title='bbox 435 291 507 345; x_wconf 83' lang='lat' dir='ltr'>agi</span> <span class='ocrx_word' id='word_1_26' title='bbox 551 291 762 344; x_wconf 87' lang='lat' dir='ltr'>coepisset</span> <span class='ocrx_word' id='word_1_27' title='bbox 812 291 1027 345; x_wconf 84' lang='lat' dir='ltr'>exitioque</span> <span class='ocrx_word' id='word_1_28' title='bbox 1070 290 1214 332; x_wconf 86' lang='lat' dir='ltr'>hostes</span> <span class='ocrx_word' id='word_1_29' title='bbox 1263 294 1521 345; x_wconf 78' lang='lat' dir='ltr'>urgerentur</span> <span class='ocrx_word' id='word_1_30' title='bbox 1551 308 1561 327; x_wconf 74' lang='lat' dir='ltr'>x</span> 
     </span>
     <span class='ocr_line' id='line_1_5' title="bbox 173 324 1561 404; baseline -0.001 -13"><span class='ocrx_word' id='word_1_31' title='bbox 173 350 364 404; x_wconf 83' lang='lat' dir='ltr'>ancipiti,</span> <span class='ocrx_word' id='word_1_32' title='bbox 396 349 533 403; x_wconf 88' lang='lat' dir='ltr'>captis</span> <span class='ocrx_word' id='word_1_33' title='bbox 565 364 651 391; x_wconf 92' lang='lat' dir='ltr'>non</span> <span class='ocrx_word' id='word_1_34' title='bbox 683 349 828 402; x_wconf 76' lang='lat' dir='ltr'>nullis,</span> <span class='ocrx_word' id='word_1_35' title='bbox 860 350 956 391; x_wconf 85' lang='lat' dir='ltr'>aliis</span> <span class='ocrx_word' id='word_1_36' title='bbox 980 350 1025 391; x_wconf 89' lang='lat' dir='ltr'>in</span> <span class='ocrx_word' id='word_1_37' title='bbox 1056 350 1148 403; x_wconf 87' lang='lat' dir='ltr'>ipso</span> <span class='ocrx_word' id='word_1_38' title='bbox 1169 324 1343 404; x_wconf 53' lang='grc' dir='ltr'>11100Ιὶ10</span> <span class='ocrx_word' id='word_1_39' title='bbox 1352 349 1520 391; x_wconf 86' lang='lat' dir='ltr'>feruore</span> <span class='ocrx_word' id='word_1_40' title='bbox 1558 395 1561 398; x_wconf 16' lang='grc' dir='ltr'><em>Α</em></span> 
     </span>
     <span class='ocr_line' id='line_1_6' title="bbox 170 407 1557 462; baseline -0.003 -12"><span class='ocrx_word' id='word_1_41' title='bbox 170 408 380 450; x_wconf 85' lang='lat' dir='ltr'>truncatis</span> <span class='ocrx_word' id='word_1_42' title='bbox 419 407 578 449; x_wconf 85' lang='lat' dir='ltr'>residui</span> <span class='ocrx_word' id='word_1_43' title='bbox 616 408 846 449; x_wconf 82' lang='lat' dir='ltr'>discessere</span> <span class='ocrx_word' id='word_1_44' title='bbox 879 408 1112 449; x_wconf 80' lang='lat' dir='ltr'>celeritatis</span> <span class='ocrx_word' id='word_1_45' title='bbox 1151 408 1364 462; x_wconf 87' lang='lat' dir='ltr'>praesidio</span> <span class='ocrx_word' id='word_1_46' title='bbox 1402 408 1520 450; x_wconf 87' lang='lat' dir='ltr'>tecti.</span> <span class='ocrx_word' id='word_1_47' title='bbox 1539 418 1557 446; x_wconf 76' lang='lat'>⁵</span> 
     </span>
    </p>

    <p class='ocr_par' dir='ltr' id='par_1_4' title="bbox 168 465 1565 1519">
     <span class='ocr_line' id='line_1_7' title="bbox 289 465 1521 521; baseline 0.001 -13"><span class='ocrx_word' id='word_1_48' title='bbox 289 466 332 508; x_wconf 86' lang='lat'>3.</span> <span class='ocrx_word' id='word_1_49' title='bbox 348 465 522 508; x_wconf 90' lang='lat' dir='ltr'>l.Nullo</span> <span class='ocrx_word' id='word_1_50' title='bbox 537 467 681 521; x_wconf 86' lang='lat' dir='ltr'>itaque</span> <span class='ocrx_word' id='word_1_51' title='bbox 695 470 794 521; x_wconf 91' lang='lat' dir='ltr'>post</span> <span class='ocrx_word' id='word_1_52' title='bbox 808 467 912 509; x_wconf 88' lang='lat' dir='ltr'>haec</span> <span class='ocrx_word' id='word_1_53' title='bbox 925 470 1191 521; x_wconf 77' lang='lat' dir='ltr'>repugnante</span> <span class='ocrx_word' id='word_1_54' title='bbox 1206 466 1258 508; x_wconf 90' lang='lat' dir='ltr'>ad</span> <span class='ocrx_word' id='word_1_55' title='bbox 1272 480 1521 520; x_wconf 81' lang='lat' dir='ltr'>recuperau-</span> 
     </span>
     <span class='ocr_line' id='line_1_8' title="bbox 174 524 1520 580; baseline 0 -13"><span class='ocrx_word' id='word_1_56' title='bbox 174 526 271 567; x_wconf 86' lang='lat' dir='ltr'>dam</span> <span class='ocrx_word' id='word_1_57' title='bbox 304 526 367 567; x_wconf 90' lang='lat' dir='ltr'>ire</span> <span class='ocrx_word' id='word_1_58' title='bbox 399 526 561 579; x_wconf 79' lang='lat' dir='ltr'>placuit</span> <span class='ocrx_word' id='word_1_59' title='bbox 595 526 881 580; x_wconf 82' lang='lat' dir='ltr'>Agrippinam</span> <span class='ocrx_word' id='word_1_60' title='bbox 914 529 1012 567; x_wconf 91' lang='lat' dir='ltr'>ante</span> <span class='ocrx_word' id='word_1_61' title='bbox 1046 524 1240 567; x_wconf 82' lang='lat' dir='ltr'>Caesaris</span> <span class='ocrx_word' id='word_1_62' title='bbox 1280 525 1324 566; x_wconf 92' lang='lat' dir='ltr'>in</span> <span class='ocrx_word' id='word_1_63' title='bbox 1355 524 1520 567; x_wconf 80' lang='lat' dir='ltr'>Gallias</span> 
     </span>
     <span class='ocr_line' id='line_1_9' title="bbox 171 583 1519 638; baseline -0.001 -12"><span class='ocrx_word' id='word_1_64' title='bbox 171 585 401 626; x_wconf 85' lang='lat' dir='ltr'>aduentum</span> <span class='ocrx_word' id='word_1_65' title='bbox 435 585 639 633; x_wconf 78' lang='lat' dir='ltr'>excisam,</span> <span class='ocrx_word' id='word_1_66' title='bbox 678 599 753 638; x_wconf 88' lang='lat' dir='ltr'>per</span> <span class='ocrx_word' id='word_1_67' title='bbox 786 600 892 638; x_wconf 84' lang='lat' dir='ltr'>quos</span> <span class='ocrx_word' id='word_1_68' title='bbox 930 588 1092 626; x_wconf 88' lang='lat' dir='ltr'>tractus</span> <span class='ocrx_word' id='word_1_69' title='bbox 1124 599 1200 625; x_wconf 89' lang='lat' dir='ltr'>nec</span> <span class='ocrx_word' id='word_1_70' title='bbox 1239 584 1393 625; x_wconf 86' lang='lat' dir='ltr'>ciuitas</span> <span class='ocrx_word' id='word_1_71' title='bbox 1432 583 1519 625; x_wconf 86' lang='lat' dir='ltr'>ulla</span> 
     </span>
     <span class='ocr_line' id='line_1_10' title="bbox 168 641 1519 697; baseline -0.001 -13"><span class='ocrx_word' id='word_1_72' title='bbox 168 643 326 685; x_wconf 87' lang='lat' dir='ltr'>uisitur</span> <span class='ocrx_word' id='word_1_73' title='bbox 358 658 433 684; x_wconf 86' lang='grc'>1101·</span> <span class='ocrx_word' id='word_1_74' title='bbox 466 643 691 684; x_wconf 86' lang='lat' dir='ltr'>castellum</span> <span class='ocrx_word' id='word_1_75' title='bbox 724 643 807 683; x_wconf 90' lang='lat' dir='ltr'>nisi</span> <span class='ocrx_word' id='word_1_76' title='bbox 841 643 952 697; x_wconf 89' lang='lat' dir='ltr'>quod</span> <span class='ocrx_word' id='word_1_77' title='bbox 985 643 1093 696; x_wconf 87' lang='lat' dir='ltr'>apud</span> <span class='ocrx_word' id='word_1_78' title='bbox 1133 641 1422 695; x_wconf 75' lang='lat' dir='ltr'>Confluentes,</span> <span class='ocrx_word' id='word_1_79' title='bbox 1460 642 1519 683; x_wconf 89' lang='lat' dir='ltr'>lo-</span> 
     </span>
     <span class='ocr_line' id='line_1_11' title="bbox 170 701 1565 756; baseline -0.003 -13"><span class='ocrx_word' id='word_1_80' title='bbox 170 717 264 743; x_wconf 88' lang='lat' dir='ltr'>cum</span> <span class='ocrx_word' id='word_1_81' title='bbox 297 703 360 743; x_wconf 83' lang='lat' dir='ltr'>ita</span> <span class='ocrx_word' id='word_1_82' title='bbox 391 703 743 756; x_wconf 79' lang='lat' dir='ltr'>cognominatum</span> <span class='ocrx_word' id='word_1_83' title='bbox 775 702 848 743; x_wconf 89' lang='lat' dir='ltr'>ubi</span> <span class='ocrx_word' id='word_1_84' title='bbox 882 702 1019 743; x_wconf 85' lang='lat' dir='ltr'>amnis</span> <span class='ocrx_word' id='word_1_85' title='bbox 1039 701 1223 743; x_wconf 81' lang='lat' dir='ltr'>Mosella</span> <span class='ocrx_word' id='word_1_86' title='bbox 1249 701 1520 743; x_wconf 80' lang='lat' dir='ltr'>confimditur</span> <span class='ocrx_word' id='word_1_87' title='bbox 1540 714 1565 739; x_wconf 80' lang='lat' dir='ltr'>u</span> 
     </span>
     <span class='ocr_line' id='line_1_12' title="bbox 171 759 1520 815; baseline -0.001 -14"><span class='ocrx_word' id='word_1_88' title='bbox 171 760 344 812; x_wconf 84' lang='lat' dir='ltr'>Rheno,</span> <span class='ocrx_word' id='word_1_89' title='bbox 376 759 667 815; x_wconf 84' lang='lat' dir='ltr'>Rigomagum</span> <span class='ocrx_word' id='word_1_90' title='bbox 695 760 899 814; x_wconf 90' lang='lat' dir='ltr'>oppidum</span> <span class='ocrx_word' id='word_1_91' title='bbox 932 764 997 802; x_wconf 89' lang='lat' dir='ltr'>est</span> <span class='ocrx_word' id='word_1_92' title='bbox 1030 763 1072 801; x_wconf 92' lang='lat' dir='ltr'>et</span> <span class='ocrx_word' id='word_1_93' title='bbox 1103 775 1187 801; x_wconf 89' lang='lat' dir='ltr'>una</span> <span class='ocrx_word' id='word_1_94' title='bbox 1218 774 1351 814; x_wconf 84' lang='lat' dir='ltr'>prope</span> <span class='ocrx_word' id='word_1_95' title='bbox 1382 760 1520 814; x_wconf 87' lang='lat' dir='ltr'>ipsam</span> 
     </span>
     <span class='ocr_line' id='line_1_13' title="bbox 175 817 1522 873; baseline -0.001 -13"><span class='ocrx_word' id='word_1_96' title='bbox 175 817 401 860; x_wconf 84' lang='lat' dir='ltr'>Coloniam</span> <span class='ocrx_word' id='word_1_97' title='bbox 432 819 577 860; x_wconf 89' lang='lat' dir='ltr'>turris.</span> <span class='ocrx_word' id='word_1_98' title='bbox 639 820 678 860; x_wconf 71' lang='lat'>2.</span> <span class='ocrx_word' id='word_1_99' title='bbox 710 819 846 873; x_wconf 87' lang='lat' dir='ltr'>igitur</span> <span class='ocrx_word' id='word_1_100' title='bbox 865 819 1151 873; x_wconf 79' lang='lat' dir='ltr'>Agrippinam</span> <span class='ocrx_word' id='word_1_101' title='bbox 1184 819 1404 873; x_wconf 83' lang='lat' dir='ltr'>ingressus</span> <span class='ocrx_word' id='word_1_102' title='bbox 1435 832 1522 860; x_wconf 90' lang='lat' dir='ltr'>non</span> 
     </span>
     <span class='ocr_line' id='line_1_14' title="bbox 171 877 1520 932; baseline -0.001 -13"><span class='ocrx_word' id='word_1_103' title='bbox 171 881 270 919; x_wconf 88' lang='lat' dir='ltr'>ante</span> <span class='ocrx_word' id='word_1_104' title='bbox 291 880 433 918; x_wconf 90' lang='lat' dir='ltr'>motus</span> <span class='ocrx_word' id='word_1_105' title='bbox 467 881 532 919; x_wconf 91' lang='lat' dir='ltr'>est</span> <span class='ocrx_word' id='word_1_106' title='bbox 552 878 714 931; x_wconf 78' lang='lat' dir='ltr'>exinde,</span> <span class='ocrx_word' id='word_1_107' title='bbox 736 893 862 932; x_wconf 84' lang='lat' dir='ltr'>quam</span> <span class='ocrx_word' id='word_1_108' title='bbox 883 878 1144 919; x_wconf 80' lang='lat' dir='ltr'>Francorum</span> <span class='ocrx_word' id='word_1_109' title='bbox 1175 877 1351 932; x_wconf 83' lang='lat' dir='ltr'>regibus</span> <span class='ocrx_word' id='word_1_110' title='bbox 1377 877 1520 919; x_wconf 89' lang='lat' dir='ltr'>furore</span> 
     </span>
     <span class='ocr_line' id='line_1_15' title="bbox 170 936 1519 990; baseline 0.001 -14"><span class='ocrx_word' id='word_1_111' title='bbox 170 936 422 978; x_wconf 81' lang='lat' dir='ltr'>mitescente</span> <span class='ocrx_word' id='word_1_112' title='bbox 472 937 715 990; x_wconf 79' lang='lat' dir='ltr'>perterritis</span> <span class='ocrx_word' id='word_1_113' title='bbox 766 951 914 990; x_wconf 84' lang='lat' dir='ltr'>pacem</span> <span class='ocrx_word' id='word_1_114' title='bbox 965 937 1156 977; x_wconf 87' lang='lat' dir='ltr'>firmaret</span> <span class='ocrx_word' id='word_1_115' title='bbox 1206 936 1267 977; x_wconf 88' lang='lat' dir='ltr'>rei</span> <span class='ocrx_word' id='word_1_116' title='bbox 1322 936 1519 990; x_wconf 82' lang='lat' dir='ltr'>publicae</span> 
     </span>
     <span class='ocr_line' id='line_1_16' title="bbox 170 994 1563 1049; baseline -0.001 -14"><span class='ocrx_word' id='word_1_117' title='bbox 170 995 345 1037; x_wconf 87' lang='lat' dir='ltr'>interim</span> <span class='ocrx_word' id='word_1_118' title='bbox 378 996 647 1049; x_wconf 79' lang='lat' dir='ltr'>profuturam</span> <span class='ocrx_word' id='word_1_119' title='bbox 681 999 723 1036; x_wconf 90' lang='lat' dir='ltr'>et</span> <span class='ocrx_word' id='word_1_120' title='bbox 755 996 902 1036; x_wconf 87' lang='lat' dir='ltr'>urbem</span> <span class='ocrx_word' id='word_1_121' title='bbox 936 995 1144 1048; x_wconf 76' lang='lat' dir='ltr'>reciperet</span> <span class='ocrx_word' id='word_1_122' title='bbox 1174 994 1518 1036; x_wconf 78' lang='lat' dir='ltr'>immitissimam.</span> <span class='ocrx_word' id='word_1_123' title='bbox 1538 1006 1563 1032; x_wconf 73' lang='grc' dir='ltr'>ιε</span> 
     </span>
     <span class='ocr_line' id='line_1_17' title="bbox 170 1053 1518 1109; baseline 0.001 -16"><span class='ocrx_word' id='word_1_124' title='bbox 170 1054 209 1093; x_wconf 89' lang='grc'>3.</span> <span class='ocrx_word' id='word_1_125' title='bbox 233 1054 387 1109; x_wconf 84' lang='lat' dir='ltr'>quibus</span> <span class='ocrx_word' id='word_1_126' title='bbox 420 1054 616 1095; x_wconf 89' lang='lat' dir='ltr'>uincendi</span> <span class='ocrx_word' id='word_1_127' title='bbox 639 1054 844 1108; x_wconf 88' lang='lat' dir='ltr'>primitiis</span> <span class='ocrx_word' id='word_1_128' title='bbox 877 1055 1015 1095; x_wconf 89' lang='lat' dir='ltr'>laetus</span> <span class='ocrx_word' id='word_1_129' title='bbox 1036 1056 1111 1107; x_wconf 88' lang='lat' dir='ltr'>per</span> <span class='ocrx_word' id='word_1_130' title='bbox 1132 1053 1340 1095; x_wconf 86' lang='lat' dir='ltr'>Treueros</span> <span class='ocrx_word' id='word_1_131' title='bbox 1359 1053 1518 1095; x_wconf 86' lang='lat' dir='ltr'>hiema-</span> 
     </span>
     <span class='ocr_line' id='line_1_18' title="bbox 171 1112 1518 1167; baseline -0.001 -14"><span class='ocrx_word' id='word_1_132' title='bbox 171 1117 291 1154; x_wconf 86' lang='lat' dir='ltr'>turus</span> <span class='ocrx_word' id='word_1_133' title='bbox 325 1113 435 1166; x_wconf 87' lang='lat' dir='ltr'>apud</span> <span class='ocrx_word' id='word_1_134' title='bbox 457 1112 648 1154; x_wconf 77' lang='lat' dir='ltr'>Senonas</span> <span class='ocrx_word' id='word_1_135' title='bbox 669 1113 872 1167; x_wconf 90' lang='lat' dir='ltr'>oppidum</span> <span class='ocrx_word' id='word_1_136' title='bbox 899 1117 998 1153; x_wconf 85' lang='lat' dir='ltr'>tunc</span> <span class='ocrx_word' id='word_1_137' title='bbox 1020 1113 1518 1166; x_wconf 72' lang='lat' dir='ltr'>oportunumabscessit.</span> 
     </span>
     <span class='ocr_line' id='line_1_19' title="bbox 170 1170 1517 1226; baseline 0 -14"><span class='ocrx_word' id='word_1_138' title='bbox 170 1171 242 1212; x_wconf 85' lang='lat' dir='ltr'>ubi</span> <span class='ocrx_word' id='word_1_139' title='bbox 280 1171 493 1211; x_wconf 86' lang='lat' dir='ltr'>bellorum</span> <span class='ocrx_word' id='word_1_140' title='bbox 532 1171 829 1212; x_wconf 80' lang='lat' dir='ltr'>inmidantimn</span> <span class='ocrx_word' id='word_1_141' title='bbox 869 1172 1025 1213; x_wconf 89' lang='lat' dir='ltr'>molem</span> <span class='ocrx_word' id='word_1_142' title='bbox 1066 1171 1223 1212; x_wconf 88' lang='lat' dir='ltr'>umeris</span> <span class='ocrx_word' id='word_1_143' title='bbox 1262 1171 1367 1223; x_wconf 85' lang='lat' dir='ltr'>suis,</span> <span class='ocrx_word' id='word_1_144' title='bbox 1405 1170 1517 1226; x_wconf 91' lang='lat' dir='ltr'>quod</span> 
     </span>
     <span class='ocr_line' id='line_1_20' title="bbox 170 1229 1517 1284; baseline -0.001 -13"><span class='ocrx_word' id='word_1_145' title='bbox 170 1230 344 1282; x_wconf 83' lang='lat' dir='ltr'>dicitur,</span> <span class='ocrx_word' id='word_1_146' title='bbox 390 1230 548 1271; x_wconf 88' lang='lat' dir='ltr'>uehens</span> <span class='ocrx_word' id='word_1_147' title='bbox 594 1230 866 1271; x_wconf 82' lang='lat' dir='ltr'>scindebatur</span> <span class='ocrx_word' id='word_1_148' title='bbox 910 1230 955 1271; x_wconf 93' lang='lat' dir='ltr'>in</span> <span class='ocrx_word' id='word_1_149' title='bbox 998 1229 1259 1284; x_wconf 89' lang='lat' dir='ltr'>multiplices</span> <span class='ocrx_word' id='word_1_150' title='bbox 1293 1243 1427 1283; x_wconf 88' lang='lat' dir='ltr'>curas,</span> <span class='ocrx_word' id='word_1_151' title='bbox 1469 1234 1517 1271; x_wconf 89' lang='lat' dir='ltr'>ut</span> 
     </span>
     <span class='ocr_line' id='line_1_21' title="bbox 170 1288 1563 1342; baseline 0 -13"><span class='ocrx_word' id='word_1_152' title='bbox 170 1288 329 1330; x_wconf 88' lang='lat' dir='ltr'>milites</span> <span class='ocrx_word' id='word_1_153' title='bbox 364 1288 435 1342; x_wconf 89' lang='lat' dir='ltr'>qui</span> <span class='ocrx_word' id='word_1_154' title='bbox 469 1305 493 1330; x_wconf 81' lang='lat' dir='ltr'>a</span> <span class='ocrx_word' id='word_1_155' title='bbox 527 1289 669 1330; x_wconf 85' lang='lat' dir='ltr'>solitis</span> <span class='ocrx_word' id='word_1_156' title='bbox 701 1289 915 1330; x_wconf 84' lang='lat' dir='ltr'>desciuere</span> <span class='ocrx_word' id='word_1_157' title='bbox 948 1288 1185 1342; x_wconf 85' lang='lat' dir='ltr'>praesidiis,</span> <span class='ocrx_word' id='word_1_158' title='bbox 1216 1288 1517 1330; x_wconf 85' lang='lat' dir='ltr'>reducerentur</span> <span class='ocrx_word' id='word_1_159' title='bbox 1536 1300 1563 1325; x_wconf 73' lang='lat'>2(</span> 
     </span>
     <span class='ocr_line' id='line_1_22' title="bbox 169 1345 1516 1413; baseline 0.001 -26"><span class='ocrx_word' id='word_1_160' title='bbox 169 1347 220 1388; x_wconf 78' lang='lat' dir='ltr'>ad</span> <span class='ocrx_word' id='word_1_161' title='bbox 253 1348 347 1388; x_wconf 89' lang='lat' dir='ltr'>loca</span> <span class='ocrx_word' id='word_1_162' title='bbox 380 1351 577 1413; x_wconf 79' lang='lat' dir='ltr'>suspecta</span> <span class='ocrx_word' id='word_1_163' title='bbox 610 1351 652 1388; x_wconf 91' lang='lat' dir='ltr'>et</span> <span class='ocrx_word' id='word_1_164' title='bbox 685 1348 951 1401; x_wconf 88' lang='lat' dir='ltr'>conspiratas</span> <span class='ocrx_word' id='word_1_165' title='bbox 985 1350 1135 1401; x_wconf 83' lang='lat' dir='ltr'>gentes</span> <span class='ocrx_word' id='word_1_166' title='bbox 1173 1347 1217 1388; x_wconf 90' lang='lat' dir='ltr'>in</span> <span class='ocrx_word' id='word_1_167' title='bbox 1249 1361 1403 1389; x_wconf 84' lang='lat' dir='ltr'>noxam</span> <span class='ocrx_word' id='word_1_168' title='bbox 1433 1345 1516 1388; x_wconf 91' lang='lat' dir='ltr'>Ro-</span> 
     </span>
     <span class='ocr_line' id='line_1_23' title="bbox 169 1406 1513 1460; baseline -0.001 -13"><span class='ocrx_word' id='word_1_169' title='bbox 169 1406 284 1447; x_wconf 86' lang='lat' dir='ltr'>mani</span> <span class='ocrx_word' id='word_1_170' title='bbox 328 1406 516 1447; x_wconf 86' lang='lat' dir='ltr'>nominis</span> <span class='ocrx_word' id='word_1_171' title='bbox 555 1406 801 1447; x_wconf 88' lang='lat' dir='ltr'>disiectaret</span> <span class='ocrx_word' id='word_1_172' title='bbox 838 1421 885 1447; x_wconf 87' lang='lat' dir='ltr'>ac</span> <span class='ocrx_word' id='word_1_173' title='bbox 929 1406 1187 1460; x_wconf 82' lang='lat' dir='ltr'>prouideret,</span> <span class='ocrx_word' id='word_1_174' title='bbox 1225 1420 1277 1446; x_wconf 88' lang='lat' dir='ltr'>ue.</span> <span class='ocrx_word' id='word_1_175' title='bbox 1309 1406 1513 1447; x_wconf 86' lang='lat' dir='ltr'>alimenta</span> 
     </span>
     <span class='ocr_line' id='line_1_24' title="bbox 168 1464 1145 1519; baseline 0.001 -15"><span class='ocrx_word' id='word_1_176' title='bbox 168 1464 363 1505; x_wconf 75' lang='lat' dir='ltr'>deessent</span> <span class='ocrx_word' id='word_1_177' title='bbox 396 1465 599 1506; x_wconf 83' lang='lat' dir='ltr'>exercitui</span> <span class='ocrx_word' id='word_1_178' title='bbox 632 1480 707 1519; x_wconf 88' lang='lat' dir='ltr'>per</span> <span class='ocrx_word' id='word_1_179' title='bbox 738 1465 860 1506; x_wconf 89' lang='lat' dir='ltr'>uaria</span> <span class='ocrx_word' id='word_1_180' title='bbox 890 1465 1145 1506; x_wconf 87' lang='lat' dir='ltr'>discursuro.</span> 
     </span>
    </p>

    <p class='ocr_par' dir='ltr' id='par_1_5' title="bbox 166 1521 1562 1800">
     <span class='ocr_line' id='line_1_25' title="bbox 285 1521 1517 1589; baseline 0 -25"><span class='ocrx_word' id='word_1_181' title='bbox 285 1521 328 1564; x_wconf 87' lang='lat'>4.</span> <span class='ocrx_word' id='word_1_182' title='bbox 349 1524 383 1564; x_wconf 89' lang='lat'>1.</span> <span class='ocrx_word' id='word_1_183' title='bbox 398 1522 517 1565; x_wconf 86' lang='lat' dir='ltr'>Haec</span> <span class='ocrx_word' id='word_1_184' title='bbox 534 1523 720 1565; x_wconf 90' lang='lat' dir='ltr'>sollicite</span> <span class='ocrx_word' id='word_1_185' title='bbox 735 1526 1063 1589; x_wconf 80' lang='lat' dir='ltr'>perpensantem</span> <span class='ocrx_word' id='word_1_186' title='bbox 1077 1522 1251 1565; x_wconf 83' lang='lat' dir='ltr'>hostilis</span> <span class='ocrx_word' id='word_1_187' title='bbox 1267 1523 1517 1578; x_wconf 85' lang='lat' dir='ltr'>adgreditur</span> 
     </span>
     <span class='ocr_line' id='line_1_26' title="bbox 168 1581 1562 1636; baseline 0.001 -14"><span class='ocrx_word' id='word_1_188' title='bbox 168 1582 398 1623; x_wconf 87' lang='lat' dir='ltr'>multitudo</span> <span class='ocrx_word' id='word_1_189' title='bbox 433 1582 578 1636; x_wconf 88' lang='lat' dir='ltr'>oppidi</span> <span class='ocrx_word' id='word_1_190' title='bbox 612 1583 808 1635; x_wconf 88' lang='lat' dir='ltr'>capiundi</span> <span class='ocrx_word' id='word_1_191' title='bbox 842 1597 916 1636; x_wconf 90' lang='lat' dir='ltr'>spe</span> <span class='ocrx_word' id='word_1_192' title='bbox 947 1583 993 1623; x_wconf 91' lang='lat' dir='ltr'>in</span> <span class='ocrx_word' id='word_1_193' title='bbox 1024 1582 1161 1623; x_wconf 84' lang='lat' dir='ltr'>maius</span> <span class='ocrx_word' id='word_1_194' title='bbox 1195 1596 1387 1634; x_wconf 82' lang='lat' dir='ltr'>accensa,</span> <span class='ocrx_word' id='word_1_195' title='bbox 1419 1581 1513 1623; x_wconf 91' lang='lat' dir='ltr'>ideo</span> <span class='ocrx_word' id='word_1_196' title='bbox 1534 1592 1562 1618; x_wconf 80' lang='lat'>2·</span> 
     </span>
     <span class='ocr_line' id='line_1_27' title="bbox 167 1640 1513 1695; baseline 0.001 -14"><span class='ocrx_word' id='word_1_197' title='bbox 167 1640 428 1681; x_wconf 84' lang='lat' dir='ltr'>confidentes</span> <span class='ocrx_word' id='word_1_198' title='bbox 462 1641 572 1695; x_wconf 90' lang='lat' dir='ltr'>quod</span> <span class='ocrx_word' id='word_1_199' title='bbox 612 1641 649 1681; x_wconf 82' lang='lat' dir='ltr'>ei</span> <span class='ocrx_word' id='word_1_200' title='bbox 689 1656 765 1682; x_wconf 88' lang='lat' dir='ltr'>nec</span> <span class='ocrx_word' id='word_1_201' title='bbox 799 1641 1018 1682; x_wconf 76' lang='lat' dir='ltr'>Scutarios</span> <span class='ocrx_word' id='word_1_202' title='bbox 1051 1641 1196 1682; x_wconf 81' lang='lat' dir='ltr'>adesse</span> <span class='ocrx_word' id='word_1_203' title='bbox 1234 1641 1513 1695; x_wconf 85' lang='lat' dir='ltr'>prodentibus</span> 
     </span>
     <span class='ocr_line' id='line_1_28' title="bbox 166 1699 1514 1754; baseline 0.001 -16"><span class='ocrx_word' id='word_1_204' title='bbox 166 1699 356 1752; x_wconf 79' lang='lat' dir='ltr'>perfugis</span> <span class='ocrx_word' id='word_1_205' title='bbox 389 1699 636 1752; x_wconf 70' lang='lat' dir='ltr'>didicerant,</span> <span class='ocrx_word' id='word_1_206' title='bbox 667 1714 743 1741; x_wconf 90' lang='lat' dir='ltr'>nec</span> <span class='ocrx_word' id='word_1_207' title='bbox 765 1699 971 1753; x_wconf 79' lang='lat' dir='ltr'>Gentiles,</span> <span class='ocrx_word' id='word_1_208' title='bbox 1002 1715 1077 1753; x_wconf 89' lang='lat' dir='ltr'>per</span> <span class='ocrx_word' id='word_1_209' title='bbox 1109 1700 1341 1754; x_wconf 83' lang='lat' dir='ltr'>municipia</span> <span class='ocrx_word' id='word_1_210' title='bbox 1372 1699 1514 1741; x_wconf 89' lang='lat' dir='ltr'>distri-</span> 
     </span>
     <span class='ocr_line' id='line_1_29' title="bbox 166 1757 1315 1800; baseline 0.003 -5"><span class='ocrx_word' id='word_1_211' title='bbox 166 1757 292 1799; x_wconf 81' lang='lat' dir='ltr'>butos</span> <span class='ocrx_word' id='word_1_212' title='bbox 327 1762 371 1798; x_wconf 85' lang='lat' dir='ltr'>ut</span> <span class='ocrx_word' id='word_1_213' title='bbox 406 1758 668 1799; x_wconf 76' lang='lat' dir='ltr'>commodius</span> <span class='ocrx_word' id='word_1_214' title='bbox 700 1763 984 1800; x_wconf 86' lang='lat' dir='ltr'>uescerentur.</span> <span class='ocrx_word' id='word_1_215' title='bbox 1047 1773 1141 1799; x_wconf 89' lang='lat' dir='ltr'>cum</span> <span class='ocrx_word' id='word_1_216' title='bbox 1173 1761 1315 1799; x_wconf 89' lang='lat' dir='ltr'>autem</span> 
     </span>
    </p>

    <p class='ocr_par' dir='ltr' id='par_1_6' title="bbox 166 1817 1559 2106">
     <span class='ocr_line' id='line_1_30' title="bbox 445 1817 1512 1871; baseline 0 -13"><span class='ocrx_word' id='word_1_217' title='bbox 445 1817 641 1858; x_wconf 37' lang='lat' dir='ltr'>alc-lausa</span> <span class='ocrx_word' id='word_1_218' title='bbox 664 1831 767 1870; x_wconf 75' lang='lat' dir='ltr'>ergo</span> <span class='ocrx_word' id='word_1_219' title='bbox 789 1818 893 1859; x_wconf 86' lang='lat' dir='ltr'>urbe</span> <span class='ocrx_word' id='word_1_220' title='bbox 912 1831 1214 1871; x_wconf 88' lang='lat' dir='ltr'>murorumque</span> <span class='ocrx_word' id='word_1_221' title='bbox 1229 1817 1371 1859; x_wconf 86' lang='lat' dir='ltr'>intuta</span> <span class='ocrx_word' id='word_1_222' title='bbox 1389 1819 1512 1871; x_wconf 85' lang='lat' dir='ltr'>parte</span> 
     </span>
     <span class='ocr_line' id='line_1_31' title="bbox 166 1875 1559 1930; baseline 0.002 -16"><span class='ocrx_word' id='word_1_223' title='bbox 166 1876 337 1916; x_wconf 62' lang='lat' dir='ltr'>firmata.</span> <span class='ocrx_word' id='word_1_224' title='bbox 369 1875 458 1929; x_wconf 88' lang='lat' dir='ltr'>ipse</span> <span class='ocrx_word' id='word_1_225' title='bbox 492 1890 585 1916; x_wconf 92' lang='lat' dir='ltr'>cum</span> <span class='ocrx_word' id='word_1_226' title='bbox 607 1877 786 1918; x_wconf 85' lang='lat' dir='ltr'>armatis</span> <span class='ocrx_word' id='word_1_227' title='bbox 814 1876 880 1917; x_wconf 89' lang='lat' dir='ltr'>die</span> <span class='ocrx_word' id='word_1_228' title='bbox 900 1879 1109 1930; x_wconf 88' lang='lat' dir='ltr'>noctuque</span> <span class='ocrx_word' id='word_1_229' title='bbox 1130 1876 1242 1916; x_wconf 89' lang='lat' dir='ltr'>inter</span> <span class='ocrx_word' id='word_1_230' title='bbox 1274 1888 1513 1930; x_wconf 83' lang='lat' dir='ltr'>propugna-</span> <span class='ocrx_word' id='word_1_231' title='bbox 1532 1887 1559 1911; x_wconf 67' lang='lat'>³(</span> 
     </span>
     <span class='ocr_line' id='line_1_32' title="bbox 168 1933 1541 1988; baseline -0.001 -15"><span class='ocrx_word' id='word_1_232' title='bbox 168 1933 263 1974; x_wconf 86' lang='lat' dir='ltr'>cula</span> <span class='ocrx_word' id='word_1_233' title='bbox 303 1934 520 1975; x_wconf 84' lang='lat' dir='ltr'>uisebatur</span> <span class='ocrx_word' id='word_1_234' title='bbox 558 1938 601 1975; x_wconf 78' lang='lat' dir='ltr'>(t</span> <span class='ocrx_word' id='word_1_235' title='bbox 644 1935 814 1988; x_wconf 82' lang='lat' dir='ltr'>pinnas,</span> <span class='ocrx_word' id='word_1_236' title='bbox 860 1935 923 1976; x_wconf 86' lang='grc' dir='ltr'>11··ι</span> <span class='ocrx_word' id='word_1_237' title='bbox 967 1934 1206 1976; x_wconf 82' lang='lat' dir='ltr'>exundante</span> <span class='ocrx_word' id='word_1_238' title='bbox 1246 1935 1541 1976; x_wconf 18' lang='lat' dir='ltr'>substridensr</span> 
     </span>
     <span class='ocr_line' id='line_1_33' title="bbox 168 1993 1512 2047; baseline 0.002 -16"><span class='ocrx_word' id='word_1_239' title='bbox 168 2006 261 2032; x_wconf 87' lang='lat' dir='ltr'>cum</span> <span class='ocrx_word' id='word_1_240' title='bbox 296 2007 516 2046; x_wconf 81' lang='lat' dir='ltr'>erumpere</span> <span class='ocrx_word' id='word_1_241' title='bbox 549 2008 674 2047; x_wconf 81' lang='lat' dir='ltr'>saepe</span> <span class='ocrx_word' id='word_1_242' title='bbox 707 1996 883 2035; x_wconf 86' lang='lat' dir='ltr'>conatus</span> <span class='ocrx_word' id='word_1_243' title='bbox 916 1993 1131 2047; x_wconf 84' lang='lat' dir='ltr'>paucitate</span> <span class='ocrx_word' id='word_1_244' title='bbox 1162 1993 1402 2047; x_wconf 86' lang='lat' dir='ltr'>praesentis</span> <span class='ocrx_word' id='word_1_245' title='bbox 1426 2007 1512 2034; x_wconf 89' lang='lat' dir='ltr'>ma-</span> 
     </span>
     <span class='ocr_line' id='line_1_34' title="bbox 169 2050 1511 2106; baseline 0.003 -18"><span class='ocrx_word' id='word_1_246' title='bbox 169 2064 245 2089; x_wconf 83' lang='grc' dir='ltr'>111ιο</span> <span class='ocrx_word' id='word_1_247' title='bbox 279 2050 552 2103; x_wconf 85' lang='lat' dir='ltr'>inpediretur.</span> <span class='ocrx_word' id='word_1_248' title='bbox 586 2056 683 2105; x_wconf 81' lang='lat' dir='ltr'>post</span> <span class='ocrx_word' id='word_1_249' title='bbox 715 2053 979 2094; x_wconf 83' lang='lat' dir='ltr'>tricesimum</span> <span class='ocrx_word' id='word_1_250' title='bbox 1011 2051 1192 2106; x_wconf 87' lang='lat' dir='ltr'>denique</span> <span class='ocrx_word' id='word_1_251' title='bbox 1224 2052 1336 2094; x_wconf 85' lang='lat' dir='ltr'>diem</span> <span class='ocrx_word' id='word_1_252' title='bbox 1367 2051 1511 2093; x_wconf 83' lang='lat' dir='ltr'>abiere</span> 
     </span>
    </p>
   </div>
   <div class='ocr_carea' id='block_1_4' title="bbox 167 2142 1557 2439">
    <p class='ocr_par' dir='ltr' id='par_1_7' title="bbox 168 2142 1557 2439">
     <span class='ocr_line' id='line_1_35' title="bbox 263 2142 1513 2195; baseline 0.002 -21"><span class='ocrx_word' id='word_1_253' title='bbox 263 2145 277 2174; x_wconf 88' lang='lat'>1</span> <span class='ocrx_word' id='word_1_254' title='bbox 306 2153 435 2175; x_wconf 77' lang='lat' dir='ltr'>manus</span> <span class='ocrx_word' id='word_1_255' title='bbox 464 2142 495 2175; x_wconf 80' lang='lat' dir='ltr'><strong><em>G</em></strong></span> <span class='ocrx_word' id='word_1_256' title='bbox 520 2151 587 2176; x_wconf 81' lang='lat' dir='ltr'>om</span> <span class='ocrx_word' id='word_1_257' title='bbox 613 2142 715 2177; x_wconf 65' lang='lat' dir='ltr'>codd</span> <span class='ocrx_word' id='word_1_258' title='bbox 772 2148 792 2178; x_wconf 89' lang='lat'><strong>3</strong></span> <span class='ocrx_word' id='word_1_259' title='bbox 818 2155 879 2177; x_wconf 81' lang='lat' dir='ltr'>sur</span> <span class='ocrx_word' id='word_1_260' title='bbox 907 2144 1057 2178; x_wconf 85' lang='lat' dir='ltr'>erentur</span> <span class='ocrx_word' id='word_1_261' title='bbox 1087 2143 1154 2178; x_wconf 77' lang='grc' dir='ltr'>ῘΙ)</span> <span class='ocrx_word' id='word_1_262' title='bbox 1200 2148 1217 2178; x_wconf 88' lang='grc'><strong>7</strong></span> <span class='ocrx_word' id='word_1_263' title='bbox 1244 2144 1323 2195; x_wconf 84' lang='lat' dir='ltr'>agri</span> <span class='ocrx_word' id='word_1_264' title='bbox 1352 2143 1452 2178; x_wconf 82' lang='lat' dir='ltr'>inam</span> <span class='ocrx_word' id='word_1_265' title='bbox 1482 2143 1513 2176; x_wconf 73' lang='lat' dir='ltr'>l</span> 
     </span>
     <span class='ocr_line' id='line_1_36' title="bbox 174 2185 1511 2230; baseline 0.003 -12"><span class='ocrx_word' id='word_1_266' title='bbox 174 2189 210 2218; x_wconf 90' lang='lat'>11</span> <span class='ocrx_word' id='word_1_267' title='bbox 240 2185 453 2229; x_wconf 87' lang='lat' dir='ltr'>rigodulum</span> <span class='ocrx_word' id='word_1_268' title='bbox 479 2187 521 2230; x_wconf 70' lang='lat' dir='ltr'>bg]</span> <span class='ocrx_word' id='word_1_269' title='bbox 599 2191 638 2221; x_wconf 79' lang='lat'>14</span> <span class='ocrx_word' id='word_1_270' title='bbox 664 2188 810 2222; x_wconf 82' lang='lat' dir='ltr'>firmare</span> <span class='ocrx_word' id='word_1_271' title='bbox 842 2188 873 2221; x_wconf 83' lang='grc' dir='ltr'>Ῐ</span> <span class='ocrx_word' id='word_1_272' title='bbox 983 2192 1026 2222; x_wconf 82' lang='lat'>20</span> <span class='ocrx_word' id='word_1_273' title='bbox 1050 2187 1188 2222; x_wconf 85' lang='lat' dir='ltr'>milites</span> <span class='ocrx_word' id='word_1_274' title='bbox 1214 2187 1247 2222; x_wconf 79' lang='lat' dir='ltr'><em>G</em></span> <span class='ocrx_word' id='word_1_275' title='bbox 1271 2188 1323 2222; x_wconf 90' lang='lat' dir='ltr'>mi</span> <span class='ocrx_word' id='word_1_276' title='bbox 1342 2188 1452 2223; x_wconf 82' lang='lat' dir='ltr'>&#39;tates</span> <span class='ocrx_word' id='word_1_277' title='bbox 1475 2189 1511 2222; x_wconf 78' lang='lat' dir='ltr'><strong><em>A</em></strong></span> 
     </span>
     <span class='ocr_line' id='line_1_37' title="bbox 170 2229 1511 2283; baseline 0.003 -20"><span class='ocrx_word' id='word_1_278' title='bbox 170 2229 344 2264; x_wconf 81' lang='lat' dir='ltr'>mulieres</span> <span class='ocrx_word' id='word_1_279' title='bbox 381 2231 466 2264; x_wconf 69' lang='lat' dir='ltr'>lm</span> <span class='ocrx_word' id='word_1_280' title='bbox 567 2235 609 2265; x_wconf 73' lang='lat'>‘26</span> <span class='ocrx_word' id='word_1_281' title='bbox 639 2231 882 2276; x_wconf 85' lang='lat' dir='ltr'>prodentibus</span> <span class='ocrx_word' id='word_1_282' title='bbox 915 2233 947 2266; x_wconf 81' lang='lat' dir='ltr'><strong><em>G</em></strong></span> <span class='ocrx_word' id='word_1_283' title='bbox 990 2234 1028 2267; x_wconf 89' lang='lat' dir='ltr'>et</span> <span class='ocrx_word' id='word_1_284' title='bbox 1051 2232 1133 2283; x_wconf 73' lang='lat' dir='ltr'>pde</span> <span class='ocrx_word' id='word_1_285' title='bbox 1171 2232 1359 2267; x_wconf 83' lang='lat' dir='ltr'>montibus</span> <span class='ocrx_word' id='word_1_286' title='bbox 1399 2233 1432 2266; x_wconf 90' lang='lat' dir='ltr'><em>V</em></span> <span class='ocrx_word' id='word_1_287' title='bbox 1472 2235 1511 2267; x_wconf 87' lang='lat' dir='ltr'>et</span> 
     </span>
     <span class='ocr_line' id='line_1_38' title="bbox 168 2269 1557 2328; baseline 0.005 -21"><span class='ocrx_word' id='word_1_288' title='bbox 168 2274 265 2317; x_wconf 82' lang='lat' dir='ltr'>quod</span> <span class='ocrx_word' id='word_1_289' title='bbox 294 2274 339 2308; x_wconf 90' lang='lat' dir='ltr'>de</span> <span class='ocrx_word' id='word_1_290' title='bbox 366 2275 555 2328; x_wconf 78' lang='lat' dir='ltr'>montibus</span> <span class='ocrx_word' id='word_1_291' title='bbox 572 2276 607 2309; x_wconf 89' lang='lat' dir='ltr'><em>P</em></span> <span class='ocrx_word' id='word_1_292' title='bbox 654 2281 696 2310; x_wconf 67' lang='lat'>‘28</span> <span class='ocrx_word' id='word_1_293' title='bbox 722 2288 803 2311; x_wconf 84' lang='lat' dir='ltr'>cum</span> <span class='ocrx_word' id='word_1_294' title='bbox 829 2279 954 2312; x_wconf 86' lang='lat' dir='ltr'>autem</span> <span class='ocrx_word' id='word_1_295' title='bbox 975 2269 1059 2323; x_wconf 79' lang='lat' dir='ltr'>[Iac.</span> <span class='ocrx_word' id='word_1_296' title='bbox 1074 2277 1240 2323; x_wconf 52' lang='lat' dir='ltr'>mucra]</span> <span class='ocrx_word' id='word_1_297' title='bbox 1264 2277 1367 2312; x_wconf 68' lang='lat' dir='ltr'>IAP</span> <span class='ocrx_word' id='word_1_298' title='bbox 1382 2288 1449 2313; x_wconf 84' lang='lat' dir='ltr'>om</span> <span class='ocrx_word' id='word_1_299' title='bbox 1467 2277 1511 2322; x_wconf 71' lang='lat' dir='ltr'>by</span> <span class='ocrx_word' id='word_1_300' title='bbox 1555 2319 1557 2323; x_wconf 18' lang='lat' dir='ltr'>y</span> 
     </span>
     <span class='ocr_line' id='line_1_39' title="bbox 167 2325 1557 2439; baseline 0.001 -53.007"><span class='ocrx_word' id='word_1_301' title='bbox 167 2357 211 2388; x_wconf 73' lang='grc'>’9</span> <span class='ocrx_word' id='word_1_302' title='bbox 236 2364 425 2388; x_wconf 84' lang='lat' dir='ltr'>murorum</span> <span class='ocrx_word' id='word_1_303' title='bbox 451 2355 541 2388; x_wconf 66' lang='lat' dir='ltr'>minc</span> <span class='ocrx_word' id='word_1_304' title='bbox 567 2357 746 2399; x_wconf 50' lang='lat' dir='ltr'>erumpo&amp;</span> <span class='ocrx_word' id='word_1_305' title='bbox 779 2356 809 2388; x_wconf 81' lang='lat' dir='ltr'>l&#39;</span> <span class='ocrx_word' id='word_1_306' title='bbox 1551 2325 1557 2439; x_wconf 64' lang='grc' dir='ltr'><strong>ἑ</strong></span> 
     </span>
    </p>
   </div>
   <div class='ocr_carea' id='block_1_5' title="bbox 1567 0 1573 2508">
    <p class='ocr_par' dir='ltr' id='par_1_8' title="bbox 1567 0 1573 2508">
     <span class='ocr_line' id='line_1_40' title="bbox 1567 0 1573 2508; baseline 0 0"><span class='ocrx_word' id='word_1_307' title='bbox 1567 0 1573 2508; x_wconf 95' lang='lat' dir='ltr'> </span> 
     </span>
    </p>
   </div>
  </div>
 </body>
</html>
