1573 2508
129 120 186 162 20
635 99 740 137 xuu
764 100 796 138 6,
825 95 954 129 14--20

134 211 276 261 reuda,
307 222 383 248 uec
416 201 489 243 ubi
510 212 622 240 esses
656 191 948 243 interrogatus
981 186 1125 235 etque
1157 166 1330 218 tandem
1350 169 1479 211 miser

136 265 394 316 discesseris,
420 262 606 303 aetatem
638 264 808 295 omnem
839 247 999 288 frustra
1031 241 1075 282 in
1107 235 1254 290 stipite
1286 231 1480 273 conteres

139 321 455 371 suuunittendo.
491 317 554 358 14.
569 327 663 356 eum
679 312 822 352 autem
837 299 1070 347 commodis
1086 291 1365 338 interuallata
1379 290 1483 328 tem-

141 387 314 444 poribus
347 376 543 423 conuiuia
577 374 705 424 longa
727 371 768 409 et
789 364 915 406 noxia
942 356 1159 412 coeperint
1191 345 1391 406 apparari
1414 342 1485 386 uel

142 441 389 487 distributio
412 431 683 478 sollemnium
704 423 1006 481 sportularum,
1030 414 1157 458 anxia
1176 404 1485 452 deliberatione
1522 392 1559 444 51

144 505 356 547 tractatur
395 512 449 538 an
487 489 671 544 exceptis
713 485 780 526 his
819 481 972 536 quibus
1011 468 1259 517 uicissitudo
1300 464 1490 512 debetur,

147 560 420 619 peregrinum
441 549 614 595 inuitari
648 542 883 591 conueniet,
915 542 957 578 et
989 535 1024 576 si
1045 532 1213 585 digesto
1246 525 1370 579 plene
1396 533 1492 562 con-

150 622 248 664 silio
283 618 321 659 id
356 610 565 670 placuerit
597 604 702 657 fieri,
739 603 774 643 is
808 597 1034 641 adhibetur
1072 590 1144 645 qui
1182 600 1258 641 pro
1295 579 1492 624 domibus

151 679 330 722 excubat
375 672 622 724 aurigarum
667 665 741 704 aut
785 661 920 700 artem
959 647 1233 694 tesserariam
1271 640 1495 696 profitetur

153 744 225 782 aut
254 733 484 776 secretiora
512 723 721 781 quaedam
748 734 791 759 se
816 728 942 758 nosse
963 706 1182 761 confingit.
1218 703 1282 743 15.
1303 696 1496 740 homines
1518 707 1551 732 ιο

155 799 267 839 0111111
290 791 477 835 eruditos
511 788 552 826 et
584 780 751 823 sobrios
779 779 825 818 ut
852 773 1062 814 infaustos
1089 769 1132 807 et
1151 760 1325 804 inutiles
1347 756 1500 805 uitant,

157 875 205 898 eo
246 864 412 908 quoque
457 843 680 888 accedente
718 834 830 891 quod
871 834 914 873 et
949 823 1291 870 nomenclatores
1336 810 1502 857 adsueti

158 917 262 957 haee
296 915 337 952 et
375 907 481 949 talia
515 900 752 948 uenditare,
792 889 981 934 mercede
1014 884 1189 936 accepta
1219 875 1350 919 lucris
1382 884 1505 926 quos-

1037 959 1070 984 )s
1103 936 1317 994 ignobiles
1356 935 1399 972 et
1435 928 1507 970 ob—

160 975 258 1015 ‹lam
291 975 333 1011 et
365 962 555 1021 prasuliis
587 957 781 1000 inserunt
819 945 1034 991 subditici(

1529 997 1561 1024 15

163 1046 321 1074 scuros.

286 1088 351 1129 16.
371 1084 617 1126 Mensarum
638 1074 750 1116 enim
767 1066 992 1121 uoragines
1015 1064 1057 1102 et
1076 1057 1218 1100 uarias
1239 1049 1512 1103 uoluptatum

168 1147 417 1196 inlecebras,
455 1155 505 1181 ne
544 1133 716 1188 longius
755 1123 1024 1183 progrediar,
1069 1110 1366 1172 praetermitto
1411 1104 1515 1146 illuc

168 1206 428 1250 transiturus
462 1195 574 1252 quod
606 1190 779 1247 quidam
809 1199 883 1240 per
916 1179 1060 1234 ampla
1093 1172 1235 1229 spatia
1271 1166 1389 1211 urbis
1421 1162 1517 1204 sub-

172 1276 401 1317 uersasque
429 1257 570 1299 silices
610 1251 699 1292 sine
727 1241 905 1301 periculi
935 1241 1051 1281 metu
1083 1230 1361 1289 properantes
1387 1234 1518 1277 equos

173 1326 292 1367 uelut
337 1318 530 1375 publicos
576 1307 760 1364 signatis
805 1300 916 1357 quod
954 1296 1110 1338 dicitur
1146 1287 1301 1332 calceis
1341 1281 1521 1338 agitant,
1539 1291 1559 1316 2³

175 1379 455 1427 familiarium
477 1371 649 1427 agmina
683 1370 903 1416 tamquam
923 1349 1218 1412 praedatorios
1245 1343 1399 1401 globos
1424 1339 1524 1393 post

177 1448 302 1495 terga
333 1436 554 1479 trahentes
593 1443 643 1470 ne
677 1421 892 1466 Sannione
930 1413 1113 1470 quidem,
1149 1410 1197 1449 ut
1234 1404 1297 1446 ait
1328 1398 1526 1446 comicus,

180 1500 295 1543 (101111
328 1496 491 1538 relicto.
543 1501 648 1543 quos
681 1481 878 1525 imitatae
911 1476 1133 1516 matronae
1154 1462 1378 1518 conplures
1410 1468 1528 1509 oper-

183 1561 239 1603 tis
278 1554 492 1610 capitibus
531 1551 574 1589 et
613 1538 826 1586 basternis
865 1549 939 1589 per
978 1532 1117 1572 latera
1155 1520 1346 1565 ciuitatis
1378 1516 1530 1557 cuncta

184 1617 438 1661 discurrunt.
503 1608 566 1650 17.
599 1607 727 1657 utque
748 1594 1009 1652 proeliorum
1028 1585 1155 1642 periti
1185 1583 1373 1623 rectores
1393 1572 1531 1628 primo
1551 1586 1558 1609 t

188 1681 384 1720 cateruas
405 1671 559 1711 densas
580 1659 801 1716 opponunt
827 1657 870 1695 et
901 1652 1047 1699 fortes,
1078 1641 1228 1685 deinde
1260 1638 1377 1679 leues
1398 1644 1534 1674 anna-

190 1742 322 1786 turas,
352 1732 453 1784 post
486 1723 742 1767 iaculatores
764 1713 1023 1762 ultimasque
1058 1697 1315 1744 subsidiales
1349 1691 1474 1742 acies,
1500 1687 1537 1727 si

192 1799 281 1837 fors
314 1786 518 1843 adegerit,
550 1782 783 1824 iuuaturas,
815 1772 876 1812 ita
909 1761 1165 1822 praepositis
1197 1756 1386 1798 urbanae
1418 1745 1540 1790 fami-

194 1855 277 1895 liae
312 1858 541 1902 suspensae
563 1832 856 1893 digerentibus
890 1823 1088 1874 sollicite,
1120 1832 1225 1873 quos
1257 1811 1450 1865 insignes
1481 1804 1542 1846 fa-

197 1913 315 1955 ciunt
351 1907 501 1959 uirgae
539 1894 725 1941 dexteris
765 1890 939 1943 aptatae
984 1881 1103 1923 uelut
1143 1881 1306 1917 tessera
1346 1868 1448 1910 data
1479 1877 1544 1905 ca-

201 1967 355 2012 strensi
381 1966 497 2005 iuxta
518 1953 704 2000 uehiculi
736 1950 922 1991 frontem
949 1953 1072 1984 omne
1105 1933 1339 1977 textrinum
1371 1921 1546 1967 incedit:

299 2088 310 2116 1
340 2094 347 2112 ‹
368 2090 412 2112 uo
437 2074 590 2111 tandem
607 2070 718 2104 miser
735 2060 911 2109 Eyssenh.
931 2059 969 2092 et
985 2065 1058 2089 non

205 2129 292 2165 mlu'.
355 2128 368 2147 '1
394 2133 480 2156 uum
507 2132 525 2152 e
551 2114 675 2150 medio
700 2112 744 2155 by
799 2107 846 2140 *2
872 2115 931 2139 om
959 2102 1046 2146 [ras.
1126 2096 1131 2102 '

207 2172 327 2209 modis
359 2166 539 2202 Valesius.-
565 2157 769 2194 commotus
798 2151 866 2185 VP
922 2152 956 2182 ιι
985 2145 1022 2178 ui

209 2227 358 2264 quoque
386 2212 454 2245 (ιἈ
507 2213 544 2242 13
570 2203 680 2239 lucris
708 2199 775 2233 V1’
800 2194 924 2230 coenis
947 2192 1013 2235 bya
1062 2189 1104 2221 18
1129 2181 1255 2226 ampla
1277 2196 1321 2204 --
1341 2179 1381 2210 19
1399 2167 1556 2218 periculi

211 2263 299 2299 add.
333 2259 386 2293 1¹¹¹·
453 2246 761 2329 lvlproperanter
792 2240 927 2284 VPbya
1006 2236 1049 2267 22
1077 2226 1268 2266 Terentius
1291 2217 1471 2258 ,Emnoeho
1493 2215 1556 2250 '280

213 2312 256 2344 :28
282 2304 472 2340 iuuatur-as
557 2300 748 2329 luuasuras
774 2286 874 2329 Pbya
923 2284 964 2315 31
991 2285 1098 2313 omne
1122 2270 1327 2307 textrinum
1353 2263 1387 2299 G
1412 2267 1556 2297 omnem

216 2355 253 2387 et
284 2349 468 2385 extr-inum
1137 2324 1245 2352 omne
1283 2304 1522 2345 mediastrinu

219 2395 406 2437 lx'iessliny

507 2341 539 2373 Γ
567 2346 713 2371 munem
746 2333 785 2366 et
821 2329 1014 2362 externum
1047 2320 1102 2355 Pl»
