1573 2508
125 76 181 118 58
663 73 731 108 xv
755 79 786 117 5,
811 78 943 110 23—32

127 170 317 211 mesticis
338 169 494 219 decem,
526 171 573 210 ut
604 168 857 222 postularat,
889 169 941 210 ad
969 169 1172 211 iuuandas
1193 169 1470 211 necessitates

126 228 320 283 publicas
361 228 398 268 ei
437 227 685 268 coniunctis.
747 227 858 268 inter
895 242 1000 282 quos
1040 240 1121 282 ego
1155 241 1322 282 quoque
1354 241 1471 270 eram

127 302 223 328 cum
256 286 488 327 Veriniano
521 285 707 339 collega,
739 286 897 327 residui
930 286 1045 327 omni
1060 317 1470 328 ..................

127 346 196 387 23.
229 345 546 399 ......iamque
568 359 664 386 eum
696 358 915 399 egressum
948 345 1086 386 solum
1118 345 1168 386 de
1201 359 1245 386 se
1278 347 1470 387 metuens

128 404 306 458 quisque
351 417 426 457 per
469 403 601 458 longa
638 404 777 458 spatia
814 404 1059 445 deducebat.
1128 406 1171 445 et
1214 415 1506 458 quamquam5

127 466 175 503 ut
212 462 406 503 bestiarii
444 462 710 504 obiceremur
749 462 1094 504 intractabilibus
1132 462 1252 514 feris,
1295 476 1473 517 perpen-

126 521 274 562 dentes
306 523 452 562 tamen
483 521 562 562 hoc
595 522 754 562 bonum
786 521 944 563 habere
982 521 1126 563 tristia
1163 520 1473 575 praecedentia,

129 579 240 634 quod
285 580 330 621 in
374 580 478 621 locis
524 581 610 621 suis
656 580 839 621 secunda
888 581 1155 622 substituunt
1202 611 1471 620 ............

127 638 391 680 mirabamur
435 639 556 680 illam
600 640 858 680 sententiam
902 638 1149 680 Tullianam
1192 653 1242 680 ex
1293 638 1471 680 internis

125 697 323 738 ueritatis
357 697 490 750 ipsius
522 698 852 752 promulgatam,
885 712 991 753 quae
1019 701 1083 739 est
1114 697 1215 739 talis
1247 696 1310 739 ‘et
1330 711 1473 752 quam-
1493 707 1526 733 10

129 770 257 810 quam
289 755 606 809 optatissimum
640 759 705 797 est
741 760 947 811 perpetuo
986 756 1204 798 fortunam
1237 771 1364 810 quam
1402 755 1473 797 flo-

126 814 420 856 rentissimam
440 829 702 869 permanere,
735 815 811 856 illa
831 818 975 856 tamen
995 815 1232 869 aequalitas
1253 815 1368 856 uitae
1387 828 1475 855 non

126 875 295 914 tantum
334 872 466 914 habet
502 888 691 927 sensum,
736 877 941 928 quantum
980 889 1075 915 cum
1119 888 1170 915 ex
1214 873 1380 915 miseris
1432 875 1475 913 et

126 931 306 986 perditis
338 933 464 974 rebus
486 932 538 973 ad
565 933 787 974 meliorem
820 935 978 974 statum
1010 934 1183 974 fortuna
1216 931 1473 973 reuocatus!

247 990 315 1031 24.
329 990 598 1032 Festinamus
621 992 762 1046 itaque
783 992 1010 1033 itineribus
1027 991 1194 1045 magnis
1210 994 1257 1032 ut
1274 987 1473 1032 ambitio·
1494 1000 1526 1026 15

127 1063 199 1090 sus
233 1049 439 1103 magister
472 1064 689 1091 armorum
722 1053 819 1091 ante
852 1051 1074 1104 adlapsum
1110 1065 1185 1103 per
1218 1049 1390 1091 Italicos
1422 1047 1473 1089 de

126 1107 353 1161 tyrannide
373 1107 508 1150 ullum
529 1123 744 1149 rumorem
764 1109 807 1150 in
834 1109 1040 1163 suspectis
1061 1108 1216 1150 finibus
1238 1109 1475 1162 appareret.

127 1180 275 1207 uerum
319 1167 476 1208 cursim
520 1182 597 1208 nos
641 1171 920 1221 properantes
959 1167 1075 1209 aeria
1113 1166 1319 1222 quaedam
1360 1167 1475 1207 ante-

127 1225 279 1266 uolans
313 1225 559 1279 prodiderat
591 1225 706 1267 fama
726 1228 768 1267 et
788 1226 1075 1281 Agrippinam
1095 1225 1279 1280 ingressi
1313 1223 1473 1266 inueni-

159 1299 220 1336 „us
242 1286 394 1325 cuncta
413 1284 570 1325 nostris
604 1285 826 1326 conatibus
860 1285 1027 1326 altiora.
1060 1285 1127 1327 25.
1160 1298 1342 1338 namque
1375 1297 1470 1325 con·
1490 1292 1524 1318 20

125 1338 239 1408 siena
287 1343 469 1397 undique
520 1343 794 1384 multitudine
856 1344 1019 1398 trepide
1072 1345 1222 1397 coepta
1271 1342 1474 1384 fundante

115 1401 372 1455 ·'coactisque
411 1402 544 1455 copiis
584 1402 730 1443 multis
769 1417 846 1456 pro
886 1404 1001 1444 statu
1045 1403 1107 1443 rei
1151 1400 1389 1456 praesentis
1433 1399 1477 1441 id

130 1459 270 1513 aptius
302 1460 546 1510 uidebatur,
586 1463 632 1501 ut
664 1460 715 1502 ad
754 1461 1024 1515 imperatoris
1058 1460 1218 1502 nouelli
1257 1474 1332 1514 per
1369 1458 1476 1500 ludi·

129 1518 274 1560 briosa
318 1519 508 1573 auspicia
552 1519 707 1561 uirium
752 1534 922 1562 accessu
972 1519 1169 1561 firmandi
1213 1533 1384 1560 sensum
1425 1531 1476 1558 ac

128 1576 397 1618 uoluntatem
434 1578 517 1619 dux
555 1578 710 1619 flebilis
743 1582 998 1620 uerteretur:
1038 1593 1120 1633 quo
1160 1577 1290 1619 uariis
1330 1576 1476 1618 adsen-
1496 1584 1530 1612 ²⁵

129 1635 248 1676 tandi
293 1635 510 1690 figmentis
549 1637 593 1678 in
631 1637 804 1678 mollius
845 1641 1048 1691 uergente
1094 1637 1322 1678 securitate
1366 1634 1476 1676 nihil

130 1696 325 1735 metuens
359 1694 516 1736 hostile
537 1695 812 1749 deciperetur.
860 1696 927 1737 26.
961 1696 1077 1737 cuius
1110 1695 1173 1737 rei
1204 1695 1301 1737 finis
1323 1694 1476 1736 arduus

128 1752 366 1794 uidebatur.
417 1756 509 1795 erat
541 1754 654 1795 enim
687 1755 850 1796 cautius
883 1754 1210 1807 obseruandum,
1241 1756 1288 1795 ut
1317 1752 1477 1806 adpeti-

128 1814 198 1852 tus
230 1812 511 1865 oportunitati
545 1815 903 1867 optemperarent,
936 1828 1012 1855 nec
1039 1814 1362 1867 praecurrentes
1383 1825 1478 1852 eam

131 1884 208 1910 nec
246 1870 500 1912 deserentes.
569 1872 640 1925 qui
678 1873 716 1913 si
753 1872 988 1914 eluxissent
1024 1870 1343 1924 intempestiue,
1381 1883 1477 1911 con·
1496 1878 1531 1904 ³⁰

131 1928 274 1969 stabat
305 1944 381 1970 nos
415 1944 560 1971 omnes
594 1930 672 1971 sub
706 1930 847 1985 elogio
881 1946 964 1972 uno
997 1933 1133 1972 morte
1166 1928 1421 1971 multandos.

222 2082 240 2110 2
266 2080 304 2112 et
328 2079 535 2114 coniunctis
567 2079 596 2113 V
638 2079 705 2114 laci
731 2083 753 2115 7
777 2080 866 2125 litt]
894 2082 932 2115 et
957 2079 1163 2114 coniunctis
1187 2080 1260 2114 ΑΡ
1332 2083 1353 2114 3
1377 2078 1478 2113 omni

133 2121 215 2165 [lac.
242 2126 293 2157 26
317 2123 406 2168 ΜΛ]
440 2123 506 2158 VI'
577 2128 595 2158 7
647 2124 777 2159 aberet
800 2124 954 2159 tristitia
977 2124 1183 2159 recidentia
1215 2123 1280 2158 VP
1349 2127 1370 2158 8
1394 2122 1478 2158 sub-

129 2166 290 2201 stituunt
316 2167 569 2213 [lac.12litt.]
603 2168 668 2203 VP
692 2169 737 2203 de
760 2170 834 2204 Ioco
854 2169 1094 2204 Ciceroniana
1118 2169 1164 2211 cf.
1188 2168 1303 2204 Vales.
1328 2172 1361 2203 et
1388 2166 1479 2202 Gro-

130 2221 216 2246 nou.
241 2212 328 2247 adn.
381 2217 417 2247 11
446 2213 620 2257 perpetui
647 2213 676 2246 Γ
725 2218 762 2248 1-2
789 2214 997 2258 aequalitas
1021 2213 1196 2259 Eyssenh..
1222 2212 1383 2265 qualitas
1413 2211 1480 2246 VP

134 2259 175 2290 13
200 2256 344 2292 miseris
368 2256 559 2301 Kifflslinq
584 2257 673 2292 seris
706 2257 770 2292 VP
794 2259 912 2294 saeuis
937 2258 1004 2303 bqa
1053 2261 1094 2293 18
1119 2267 1262 2293 aeraria
1291 2256 1358 2292 VP
1382 2267 1479 2292 erra-

128 2300 206 2334 tica
220 2300 286 2345 bya
336 2305 377 2337 22
395 2302 534 2336 stratur
550 2302 584 2337 ei
612 2301 679 2336 VP
725 2307 767 2337 ‘24
786 2314 953 2338 accessus
980 2303 1159 2338 firmantis
1179 2301 1211 2336 G
1258 2305 1302 2337 ‘26
1320 2302 1477 2347 urgente

137 2344 272 2389 Vbela
367 2350 409 2380 30
434 2346 462 2380 si
491 2345 523 2380 G
548 2356 614 2383 om.
649 2346 759 2381 VPba

1274 2399 1293 2413 0
