1573 2508
481 546 1006 600 PRAEFATIO

69 664 270 712 Henrici
309 666 492 713 Valesii
524 666 574 712 in
607 666 824 726 priorem
857 655 1108 714 Ammiani
1145 668 1416 716 Marcellini

602 749 884 796 editionem.

184 970 442 1012 Ammianus
480 970 759 1012 Marcellinus
801 970 1060 1013 Antiochiae
1106 973 1278 1026 genitus
1322 972 1418 1027 fuit,

68 1029 320 1082 parentibus
360 1033 408 1071 ut
447 1029 654 1071 coniicere
693 1033 759 1071 est
796 1030 1094 1072 nobilissimis.
1144 1031 1243 1085 Ipse
1275 1031 1417 1073 admo-

68 1088 169 1129 dum
209 1087 456 1130 adolescens
496 1088 608 1130 inter
645 1088 920 1130 Protectores
953 1089 1226 1131 Domesticos
1259 1090 1418 1131 milita-

65 1147 141 1189 vit.
204 1146 297 1196 Quo
330 1148 518 1189 maxime
552 1151 808 1202 argumento
841 1149 931 1189 eius
951 1149 1160 1190 nobilitas
1187 1148 1419 1202 deprehen-

65 1205 193 1247 ditur.
255 1206 424 1247 Ducum
465 1206 596 1260 enim,
630 1205 850 1248 Comitum
883 1210 926 1248 et
957 1207 1270 1261 Magistrorum
1305 1207 1419 1248 mili-

65 1264 226 1306 tarium
264 1264 344 1306 filii
382 1266 428 1306 in
460 1280 555 1306 eam
588 1265 783 1307 scholam
814 1266 1126 1307 referebantur.
1188 1266 1341 1320 Itaque
1374 1269 1418 1307 et

65 1322 345 1366 Constantius
386 1323 570 1365 Chlorus
609 1327 651 1365 et
683 1324 905 1379 Iovianus,
938 1325 1011 1379 qui
1043 1328 1195 1379 postea
1226 1324 1418 1379 Augusti

63 1382 254 1436 fuerunt,
294 1387 336 1424 et
374 1382 640 1424 Gaudentius
672 1383 792 1425 Aetii
823 1387 948 1437 pater
988 1384 1080 1437 [qui
1112 1387 1212 1438 post
1244 1384 1298 1424 ad
1328 1383 1418 1424 Ma-

63 1441 234 1496 gisterii
261 1442 456 1496 equitum
484 1442 653 1483 culmen
672 1442 886 1496 pervenit]
921 1457 946 1483 a
972 1442 1273 1484 Domesticatu
1305 1442 1417 1483 mili-

64 1500 172 1542 tiam
215 1501 353 1542 exorsi
393 1503 505 1542 sunt.
566 1500 631 1542 Ac
663 1502 795 1542 ceteri
829 1501 1001 1555 quidem
1033 1501 1196 1543 milites
1227 1502 1273 1542 in
1304 1501 1417 1542 votis

64 1558 223 1600 habere
263 1563 574 1601 consueuerant
618 1559 729 1601 hanc
768 1560 953 1601 militiae
991 1561 1329 1614 promotionem,
1369 1562 1419 1600 ut

64 1617 338 1660 Protectores
383 1619 554 1673 fierent,
599 1619 959 1673 quemadmodum
1005 1619 1157 1660 scribit
1205 1618 1417 1660 Paulinus

63 1676 109 1717 in
159 1677 281 1731 epist.
326 1677 394 1719 39.
468 1677 745 1719 Marcellinus
791 1693 891 1719 vero
934 1681 1083 1720 noster
1128 1678 1180 1719 ab
1227 1692 1276 1719 eo
1321 1677 1416 1718 loco

63 1735 268 1777 militiam
308 1737 555 1791 auspicatus
607 1740 673 1778 est
718 1737 984 1791 adolescens,
1035 1737 1085 1778 ad
1138 1751 1264 1791 quem
1314 1738 1417 1777 vota

64 1798 366 1840 veteranorum
410 1810 457 1837 ac
497 1796 707 1837 desideria
745 1796 1037 1850 adspirabant.
1113 1794 1220 1837 Cum
1273 1797 1418 1836 autem

63 1852 133 1895 hic
165 1868 258 1895 mos
292 1857 416 1908 esset,
447 1858 496 1896 ut
535 1869 586 1896 ex
617 1855 878 1896 Domesticis
905 1855 1230 1896 Protectoribus
1264 1853 1341 1894 alii
1373 1852 1418 1893 in

67 1910 288 1954 Comitatu
328 1913 613 1955 consisterent
656 1914 708 1955 ad
740 1913 1022 1968 Imperatoris
1056 1913 1308 1966 custodiam,
1341 1911 1418 1953 alii

67 1985 164 2012 cum
189 1970 417 2026 Magistris
449 1973 640 2014 militum
672 1987 749 2026 per
775 1973 918 2014 varias
952 1972 1070 2013 orbis
1101 1971 1288 2013 Romani
1320 1984 1415 2024 pro-

63 2030 227 2072 vincias
265 2031 545 2073 mitterentur
582 2029 716 2087 (quod
753 2031 798 2072 in
839 2030 1209 2072 Annotationibus
1242 2030 1417 2070 uberius

64 2088 274 2146 explicui)
306 2089 585 2132 Marcellinus
628 2093 776 2132 noster
821 2105 917 2131 cum
960 2089 1160 2132 Ursicino
1204 2089 1416 2143 Magistro

65 2148 259 2202 equitum
298 2149 456 2191 missus
503 2152 567 2190 est
612 2150 658 2190 in
695 2148 936 2203 Orientem,
980 2149 1203 2203 eidemque
1249 2163 1273 2189 a
1311 2146 1418 2188 Con-

65 2207 226 2248 stantio
264 2206 377 2262 Aug.
415 2208 596 2262 obsequi
640 2211 705 2249 est
742 2208 904 2250 iussus:
951 2211 1000 2250 ut
1043 2209 1227 2262 ipsemet
1267 2206 1418 2247 scribit

66 2264 179 2307 libro
211 2265 329 2307 XIV.
391 2266 615 2308 Ursicinus
650 2271 794 2308 autem
827 2283 851 2308 a
871 2265 1126 2308 Constantio
1161 2266 1213 2307 ad
1232 2265 1417 2307 tutelam

64 2322 254 2366 Orientis
286 2324 529 2368 destinatus
562 2329 628 2368 est
660 2340 771 2368 anno
791 2325 965 2368 Natalis
985 2325 1205 2368 Dominici
1237 2323 1335 2378 350,
1366 2325 1416 2363 ut
