1614 2549
650 65 883 102 lelANVS
908 70 973 103 362
1399 68 1483 109 279

136 163 202 202 tes
234 160 418 214 Byzares
451 160 649 202 obtinent
681 163 724 202 et
756 159 927 214 Sapires
959 164 1002 202 et
1022 160 1227 202 Tibareni
1259 163 1301 201 et
1320 160 1483 215 Mossy-

138 219 259 260 noeci
302 222 345 260 et
387 218 610 261 Macrones
655 222 697 261 et
739 218 962 274 Philyres,
1005 219 1156 273 populi
1197 219 1320 260 nulla
1355 220 1482 261 nobis

136 277 413 319 adsuetudine
445 278 621 332 cogniti.
670 278 739 320 22.
760 293 785 319 a
817 278 972 332 quibus
1004 278 1127 319 breui
1159 278 1298 332 spatio
1319 278 1484 320 distant

137 336 328 378 uirorum
359 340 637 378 monumenta
657 337 882 390 nobilium,
913 337 958 378 in
984 336 1139 391 quibus
1161 335 1391 378 Sthelenus
1418 340 1484 378 est

100 407 118 433 5
138 394 341 436 humatus
374 399 417 437 et
448 395 601 436 Idmon
632 398 675 437 et
707 395 884 449 Tiphys,
916 396 1080 449 primus
1113 394 1313 436 Herculis
1342 395 1482 437 socius

136 452 398 495 Amazonico
430 454 547 495 bello
580 454 767 496 letaliter
799 453 1063 507 uulneratus,
1095 454 1205 494 alter
1237 467 1374 508 augur
1404 454 1484 495 Ar-

137 515 437 566 gonautarum,
468 513 624 554 tertius
658 513 848 554 eiusdem
879 513 1002 554 nauis
1036 512 1310 553 cautissimus
1331 516 1483 554 rector.

136 570 204 611 23.
247 572 556 624 Praetercursis
599 571 796 625 partibus
840 571 1091 612 memoratis
1128 570 1292 612 Aulion
1330 574 1486 613 antron

138 632 215 682 est,
248 632 291 670 et
322 630 483 671 fluenta
516 629 752 671 Callichori
784 644 834 671 ex
871 630 986 671 facto
1026 629 1333 683 cognominati,
1371 629 1485 684 quod

85 702 119 726 10
140 689 352 741 superatis
383 692 483 742 post
514 689 748 730 triennium
768 688 925 729 Indicis
944 688 1205 741 nationibus,
1238 687 1288 729 ad
1310 702 1381 729 eos
1401 691 1486 729 tra-

138 749 230 787 ctus
262 746 392 787 Liber
423 762 633 801 reuersus,
671 748 782 788 circa
813 747 940 788 huius
973 747 1088 800 ripas
1120 746 1279 787 uirides
1313 750 1355 788 et
1387 761 1487 800 opa-

138 819 208 845 cas
230 805 351 859 orgia
381 806 567 859 pristina
586 806 807 859 reparauit
834 809 875 846 et
903 805 1074 846 choros:
1106 805 1326 846 trieterica
1356 804 1485 846 huius

137 863 255 904 modi
269 877 390 904 sacra
405 864 579 918 quidam
595 864 846 905 existimant
861 863 1072 917 appellari
1075 895 1273 904 .........
1305 863 1374 904 24.
1386 865 1486 916 post

136 921 243 963 haec
276 922 458 964 confinia
479 921 796 963 Camaritarum
828 922 931 976 pagi
964 924 1063 962 simt
1084 921 1284 975 celebres,
1317 924 1360 962 et
1378 920 1487 962 Pha-

85 993 118 1019 15
139 980 197 1021 sis
217 980 509 1022 fremebundis
530 981 724 1022 cursibus
746 979 931 1022 Colchos
953 980 1143 1034 attingit,
1168 979 1486 1033 Aegyptiorum

138 1039 360 1093 antiquam
393 1039 600 1093 subolem,
632 1039 708 1080 ubi
739 1039 851 1080 inter
885 1039 1083 1080 ciuitates
1118 1038 1225 1079 alias
1245 1038 1400 1079 Phasis
1422 1042 1487 1080 est

135 1098 308 1139 nomine
340 1098 461 1139 fluuii
481 1098 691 1151 dictitata,
724 1100 766 1139 et
785 1097 1036 1139 Dioscurias
1067 1111 1180 1138 nunc
1206 1111 1340 1151 usque
1371 1099 1487 1150 nota,

137 1157 256 1197 cuius
289 1160 483 1198 auctores
517 1156 752 1210 Amphitus
792 1159 834 1197 et
867 1155 1040 1197 Cercius
1075 1154 1279 1209 Spartani
1315 1155 1488 1196 tradun-

136 1218 220 1269 tur,
253 1216 427 1269 aurigae
461 1214 654 1256 Castoris
688 1218 730 1256 et
759 1214 961 1268 Pollucis,
993 1214 1147 1269 quibus
1167 1213 1488 1255 Heniochorum

84 1287 119 1312 20
139 1274 258 1315 natio
304 1278 370 1315 est
413 1274 626 1315 instituta.
688 1274 755 1315 25.
787 1274 964 1327 paulum
1005 1273 1057 1314 ab
1102 1272 1170 1313 his
1210 1275 1487 1314 secernuntur

137 1332 314 1387 Achaei,
347 1334 421 1387 qui
451 1333 567 1374 bello
601 1332 815 1373 anteriore
836 1332 1020 1386 quodam
1053 1331 1165 1385 apud
1185 1330 1359 1372 Troiam
1393 1345 1488 1372 con-

139 1394 366 1445 summato,
397 1406 484 1432 non
516 1406 611 1432 cum
644 1405 768 1445 super
789 1390 958 1432 Helena
990 1392 1238 1442 certaretur,
1269 1392 1317 1430 ut
1347 1392 1489 1430 aucto-

137 1464 206 1490 res
237 1450 463 1503 prodidere
495 1464 582 1491 non
613 1450 735 1503 nulli,
767 1449 813 1490 in
843 1449 1029 1490 Pontum
1060 1448 1312 1489 reflantibus
1345 1448 1488 1489 uentis

138 1522 280 1550 errore
313 1509 444 1550 delati
475 1509 722 1562 cimctisque
755 1508 1002 1561 hostilibus,
1036 1507 1238 1548 stabilem
1259 1506 1489 1548 domiciliis

83 1581 119 1607 25
139 1566 282 1608 sedem
319 1581 531 1622 nusquam
560 1567 835 1621 reperientes,
872 1566 1104 1607 uerticibus
1137 1565 1351 1607 montium
1382 1565 1490 1606 inse-

139 1625 237 1666 dere
259 1640 425 1680 semper
444 1626 666 1679 niualirun,
700 1628 742 1666 et
768 1625 948 1666 horrore
969 1625 1075 1666 caeli
1095 1624 1294 1678 districti,
1325 1624 1489 1665 uictum

139 1684 271 1725 etiam
304 1685 389 1726 sibi
421 1699 516 1725 cum
547 1684 749 1738 periculis
782 1687 906 1737 rapto
938 1698 1089 1738 parare
1111 1682 1346 1724 adsuefacti
1379 1685 1492 1736 sunt,

139 1746 268 1797 atque
312 1757 360 1784 eo
405 1743 521 1784 ultra
565 1757 736 1784 omnem
780 1743 930 1784 deinde
980 1742 1185 1783 ferociam
1235 1741 1492 1783 saeuierimt.

140 1816 266 1855 super
287 1800 488 1856 Cercetis,
522 1802 594 1856 qui
627 1802 762 1842 isdem
784 1801 935 1842 adnexi
968 1803 1079 1854 sunt,
1111 1799 1222 1840 nihil
1249 1802 1491 1841 memoratu

85 1874 123 1900 30
143 1860 328 1902 traditur
360 1861 549 1914 dignum.

230 1990 248 2020 1
273 1985 434 2029 Byzares
458 1986 523 2031 hya
546 1986 697 2030 bytares
726 1986 793 2020 VP
863 1985 1003 2029 sapires
1032 1984 1100 2019 VP
1129 1983 1283 2028 Tapires
1313 1983 1377 2027 hya
1442 1983 1491 2017 ti-

138 2030 268 2074 pareni
297 2030 364 2065 VP
394 2031 615 2065 massinoeci
651 2030 718 2065 VP
810 2035 830 2064 2
861 2030 1053 2064 Macrones
1089 2029 1157 2073 bya
1192 2029 1389 2062 utacrones
1424 2027 1492 2062 VP

139 2075 254 2109 filires
283 2075 351 2109 VP
442 2080 464 2110 4
487 2075 526 2109 in
549 2085 616 2109 om.
642 2076 707 2119 bya
787 2079 808 2109 4
833 2074 1031 2109 Sthenelus
1053 2073 1224 2108 Valesius
1315 2077 1335 2107 5
1351 2071 1492 2116 Typhis

139 2120 184 2164 by
207 2119 295 2154 tifor
324 2119 391 2155 VP
472 2124 492 2155 8
517 2120 629 2154 Alion
654 2120 788 2154 antron
813 2120 869 2154 est
895 2120 933 2153 et
959 2119 994 2153 G
1018 2119 1090 2153 ah'o
1115 2118 1249 2152 nauti-o
1276 2119 1332 2152 est
1357 2118 1396 2151 et
1424 2116 1493 2151 VP

140 2164 355 2199 Aliuorsum
385 2166 472 2199 sunt
501 2165 520 2200 b
613 2168 653 2199 13
685 2175 705 2198 a
734 2164 869 2208 pellari
903 2164 1068 2208 sequitur
1104 2163 1170 2198 zac.
1197 2164 1240 2205 ¹s2
1267 2172 1396 2197 uersus
1425 2161 1493 2196 VP

142 2212 183 2243 15
219 2209 387 2244 cursibus
423 2210 490 2254 bya
527 2209 641 2244 cursis
720 2210 756 2243 P
849 2212 890 2243 18
927 2209 1067 2243 cercius
1108 2208 1176 2242 VP
1213 2206 1387 2242 Telchius
1424 2207 1491 2250 bya

142 2257 184 2288 19
209 2253 345 2298 quibus
374 2253 409 2287 V
429 2265 451 2288 a
476 2254 610 2298 quibus
637 2254 670 2288 G
762 2255 831 2288 *24
867 2253 1063 2288 hostilibus
1102 2252 1136 2287 G
1171 2251 1339 2286 hostibus
1379 2250 1493 2285 VPba

140 2302 184 2333 25
207 2298 335 2333 sedem
360 2299 427 2344 bya
450 2298 551 2333 idem
579 2298 648 2333 VP
724 2302 766 2332 26
791 2299 934 2333 uictum
959 2297 1072 2333 etiam
1097 2297 1167 2331 sibi
1194 2297 1227 2332 G
1251 2296 1493 2330 uir-iumetum

142 2342 213 2377 sibi
242 2342 310 2378 VP
334 2354 500 2378 annuum
526 2343 596 2378 sibi
621 2343 763 2378 uictum
789 2343 833 2378 ba
879 2347 921 2378 27
947 2342 1122 2387 periculis
1149 2341 1182 2378 G
1207 2339 1348 2385 peculis
1378 2339 1493 2376 VPba
