1573 2508
144 67 227 110 286
656 64 759 102 xxn
785 68 817 109 9,
842 69 964 110 9-10,
991 69 1008 100 ι

144 166 328 208 ulterius
366 162 599 205 multitudo
638 161 921 216 inquietabat,
957 175 1057 216 pars
1095 161 1308 204 uiolenter
1345 164 1492 217 erepta

145 225 263 266 reddi
296 223 379 263 sibi
410 221 693 276 poscentium,
723 220 800 261 alii
832 224 1058 275 querentes
1090 220 1319 262 consortiis
1351 234 1395 262 se
1422 235 1491 263 cu·

145 284 307 324 riarum
341 281 532 322 addictos
565 280 734 332 iniuste,
773 293 858 320 non
887 279 997 320 nulli
1029 279 1120 320 sine
1156 282 1352 334 respectu
1382 279 1492 334 peri-

145 342 229 383 culi
275 342 452 395 agentes
496 339 548 380 ad
593 352 726 392 usque
769 338 946 393 rabiem,
989 341 1037 379 ut
1077 337 1345 380 aduersarios
1389 351 1490 380 suos

145 401 286 441 laesae
318 397 559 440 maiestatis
593 396 845 438 criminibus
877 396 1125 451 inligarent.
1174 396 1213 438 9.
1232 410 1382 438 uerum
1412 395 1524 438 illes
1565 400 1573 429 ¹

145 458 356 500 iudicibus
396 455 556 498 Cassiis
595 456 763 498 tristior
801 458 844 496 et
881 454 1103 510 Lycurgis,
1147 469 1373 496 causarum
1403 469 1491 497 mo-

144 520 290 558 menta
321 530 456 570 aequo
489 515 580 556 iure
612 513 888 568 perpendenS,
920 528 1044 555 suum
1076 514 1227 568 cuique
1258 513 1491 568 tribuebat,

143 590 355 629 nusquam
387 589 412 615 a
443 588 544 615 uero
577 573 798 622 abductus,
830 572 968 614 acrius
1002 572 1046 613 in
1069 572 1404 614 calumniatores
1424 585 1491 614 ex-

145 647 336 688 surgens,
368 647 474 687 quos
513 632 673 685 oderat,
710 631 947 672 multorum
986 630 1113 672 huius
1146 630 1261 672 modi
1296 630 1491 685 petulan-

143 697 231 734 tem
276 706 401 746 saepe
440 690 699 732 dementiam
744 690 796 731 ad
838 704 971 744 usque
1015 690 1245 731 discrimen
1288 692 1489 743 expertus

144 752 243 793 dum
276 753 389 791 esset
421 750 557 791 adhuc
589 749 766 790 humilis
799 752 842 790 et
872 748 1081 803 priuatus.
1146 749 1211 790 10.
1232 747 1490 802 exemplum-

144 825 224 865 que
256 809 492 863 patientiae
513 809 602 849 eius
635 808 679 849 in
710 807 791 848 tali
822 807 1010 861 negotio,
1041 807 1144 848 licet
1175 807 1263 848 sint
1283 806 1370 848 alia
1400 806 1491 860 plu-

143 869 265 922 rima,
297 868 340 909 id
372 882 502 909 unum
535 866 719 908 sufficiet
738 866 853 932 poni.
908 866 1128 907 inimicum
1148 865 1322 920 quidam
1355 879 1490 919 suum,

144 942 238 969 cum
260 942 343 982 quo
364 925 636 968 discordabat
656 925 901 978 asperrime,
933 925 1199 966 commisisse
1219 924 1264 965 in
1294 923 1491 965 maiesta-

143 990 232 1027 tem
251 985 543 1027 turbulentius
565 983 796 1038 deferebat,
822 984 1168 1037 imperatoreque
1189 982 1490 1024 dissimulante

144 1045 290 1086 eadem
323 1044 472 1085 diebus
506 1043 720 1084 continuis
740 1042 965 1096 replicans,
997 1042 1286 1096 interrogatus
1307 1041 1359 1082 ad
1391 1040 1490 1082 ulti-

144 1118 272 1157 mum,
305 1103 378 1157 qui
411 1104 524 1144 esset
557 1115 683 1156 quem
715 1103 928 1166 argueret,
960 1100 1194 1154 respondit,
1231 1099 1490 1166 municipem

142 1161 414 1216 locupletem.
477 1175 559 1214 quo
593 1160 739 1201 audito
772 1159 970 1213 princeps
1002 1159 1200 1200 renidens
1231 1158 1398 1213 ‘quibus
1429 1158 1491 1199 111-

143 1220 275 1262 <liciis
309 1220 371 1261 ait
391 1219 457 1260 ‘ad
487 1218 569 1260 hoc
600 1218 883 1272 peruenisffi?y
938 1218 1003 1259 11.
1036 1221 1079 1259 et
1110 1218 1185 1258 ille
1216 1216 1490 1271 ‘purpureum

143 1279 237 1320 sibi’
258 1279 399 1332 inquit
431 1277 739 1318 ‘indumentum
760 1292 810 1318 ex
843 1277 978 1318 serico
1010 1276 1145 1330 pallio
1171 1276 1307 1330 parat'
1333 1275 1491 1317 iussus-

144 1352 223 1392 que
255 1339 355 1391 post
386 1336 491 1378 hacc
523 1339 571 1377 ut
602 1336 702 1377 uilis
725 1335 880 1377 arduae
899 1335 961 1376 rei
981 1335 1114 1376 uilem
1145 1335 1345 1376 incusans
1372 1334 1490 1375 abire

142 1396 300 1437 tacitus
323 1395 396 1436 sed
416 1395 628 1448 iimoxius,
658 1394 795 1436 nihilo
817 1394 957 1435 minus
990 1394 1195 1435 instabat.
1245 1407 1327 1447 quo
1347 1392 1490 1434 taedio

141 1454 334 1496 Iulianus
379 1454 640 1508 defatigatus
686 1454 739 1494 ad
782 1453 1064 1507 largitionum
1109 1452 1308 1494 comitem
1349 1451 1489 1492 uisum

141 1513 316 1568 propius
337 1512 457 1554 ‘iube’
478 1513 620 1566 inquit
639 1511 893 1566 ‘periculoso
927 1511 1100 1566 garrulo
1120 1511 1276 1565 pedum
1295 1510 1491 1563 tegmina

101 1577 106 1585 ⁸
142 1572 235 1614 dari
275 1586 490 1625 purpurea
521 1571 574 1612 ad
618 1571 911 1612 aduersarium
955 1569 1216 1624 perferenda,
1258 1583 1397 1623 quem,
1439 1570 1488 1610 ut

142 1631 268 1672 datur
312 1630 534 1683 intellegi,
585 1629 853 1682 chlamydem
904 1628 1031 1670 huius
1076 1628 1232 1669 coloris
1277 1629 1490 1669 memorat

143 1690 225 1730 sibi
246 1689 578 1741 consarcinasse,
610 1691 656 1728 ut
689 1687 789 1729 sciri
815 1687 953 1741 possit
986 1687 1075 1728 sinc
1102 1687 1268 1728 uiribus
1288 1685 1488 1727 maximis

142 1747 242 1802 quid
275 1747 452 1800 pannuli
484 1747 712 1801 proficiant
745 1747 883 1787 leues'.

263 1806 329 1846 12.
362 1804 443 1846 Sed
477 1808 524 1846 ut
555 1805 660 1847 haec
693 1804 904 1846 laudanda
924 1806 967 1845 et
999 1804 1123 1845 bonis
1144 1802 1487 1845 moderatoribus

142 1864 407 1917 aemulanda,
451 1865 513 1905 ita
556 1864 664 1905 illud
708 1878 900 1904 amarum
939 1866 982 1903 et
1013 1862 1205 1903 notabile
1243 1861 1337 1916 fuit,
1375 1860 1488 1916 quod

141 1937 269 1977 aegre
311 1923 389 1964 sub
432 1937 481 1964 eo
524 1938 549 1963 a
580 1922 811 1963 curialibus
845 1922 1070 1976 quisquam
1112 1920 1345 1974 adpetitus,
1384 1919 1489 1961 licet

141 1982 382 2035 priuilegiis
416 1984 458 2022 ct
491 1981 801 2035 stipendiorum
831 1995 1007 2021 numero
1028 1982 1071 2021 et
1103 1979 1284 2033 originis
1315 1978 1488 2032 penitus

142 2039 305 2080 alienae
327 2040 588 2081 firmitudine
610 2039 909 2092 communitus,
929 2038 1155 2080 obtinebat
1169 2037 1489 2092 aequissimum,

231 2165 302 2199 *10
328 2176 385 2208 tx}
392 2166 501 2199 »estur
532 2165 564 2198 V
617 2169 655 2199 14
681 2165 906 2199 commissise
929 2164 995 2198 VP
1020 2163 1153 2198 dixisse
1179 2164 1245 2208 bqa
1297 2166 1341 2197 20
1364 2161 1488 2212 inquit

140 2209 211 2244 sibi
240 2213 418 2252 trampos.
451 2210 518 2253 hya
564 2209 670 2244 sirico
707 2209 774 2244 VP
820 2210 937 2244 iussus
966 2219 1012 2243 ue
1046 2208 1116 2243 GA
1151 2208 1325 2250 iususque
1361 2205 1486 2240 171113-

141 2265 213 2298 quc
230 2254 266 2288 P
291 2264 406 2297 usque
433 2254 452 2287 b
499 2258 541 2288 22
567 2254 631 2288 sed
655 2254 787 2298 scripsi
810 2255 850 2288 et
872 2220 975 2289 codd.
1023 2254 1089 2287 '24
1106 2251 1306 2297 pei-icffloso
1327 2249 1362 2284 V
1409 2249 1486 2285 edi-

141 2299 265 2333 culoso
291 2300 348 2341 (=
367 2299 573 2348 φθειριῶν)
591 2298 723 2343 Haupt
749 2301 803 2341 (ut
827 2302 937 2334 antea
953 2297 1162 2341 Reinesius)
1213 2295 1336 2330 arrulo
1352 2261 1470 2339 AEzup
1472 2297 1487 2329 t

142 2344 295 2387 garruto
325 2342 357 2377 V
379 2341 551 2387 garritori
581 2342 614 2377 G
707 2347 749 2377 29
774 2344 817 2377 ut
840 2353 904 2377 om.
931 2343 951 2378 b
1043 2345 1085 2377 33
1101 2299 1328 2376 fortfiudine
1351 2339 1420 2384 bya
