1573 2508
145 87 229 129 270
650 81 753 117 xxn
778 87 810 124 4,
836 86 936 125 o-‹3‚
964 87 980 117 1

145 180 244 221 tiles
278 183 426 221 auctae
466 180 566 219 sunt
602 180 715 218 artes
755 179 798 217 et
835 176 1074 218 culinarum
1112 177 1342 219 sollicitior
1380 192 1492 234 cura,

146 243 188 279 et
221 237 452 279 ambitiosa
483 239 732 278 ornatarum
764 234 987 276 domorum
1020 236 1233 290 exquisita
1270 239 1369 278 sunt
1400 251 1493 291 spa-

145 297 219 350 tia,
264 310 443 350 quorum
482 309 724 335 mensuram
769 294 805 335 si
842 294 888 334 in
925 294 1042 348 agris
1081 295 1228 337 consul
1267 294 1491 344 Quinctius

144 355 419 409 possedisset,
461 353 665 395 amiserat
709 352 839 394 etiam
878 355 976 406 post
1013 353 1269 394 dictaturam
1307 354 1492 409 gloriam

143 413 425 467 paupertatis.
1527 424 1546 452 5

264 474 301 513 (3.
335 471 501 520 Quibus
534 474 624 512 tam
657 471 887 511 maculosis
921 485 1132 511 accessere
1170 470 1339 524 flagitia
1369 471 1492 513 disci-

144 531 288 584 plinae
334 530 577 583 castrensis,
621 544 717 570 cum
761 529 886 570 miles
931 528 1167 570 cantilenas
1211 529 1493 571 meditaretur

144 603 222 643 pro
261 588 396 630 iubilo
436 588 676 630 molliores:
715 591 758 629 et
794 602 880 629 non
913 602 1063 629 saxum
1095 590 1187 629 erat
1224 591 1273 629 ut
1311 587 1492 630 antehac

147 651 314 689 armato
337 647 489 701 cubile,
522 647 594 687 sed
626 646 774 700 pluma
794 649 836 687 et
868 646 1030 688 flexiles
1058 646 1205 687 lectuli
1227 650 1269 688 et
1290 647 1492 701 grauiora

146 706 304 760 gladiis
337 706 492 760 pocula
524 730 578 736 —-
611 708 725 746 testa
757 706 869 746 enim
907 705 1052 745 bibere
1092 706 1178 746 iam
1215 705 1405 759 pudebat
1436 730 1491 735 —
1511 718 1553 744 10'

145 765 461 819 quaerebantur
493 767 536 805 et
574 764 698 805 aedes
736 778 1014 817 marmoreae,
1052 778 1148 804 cum
1187 764 1395 818 scriptum
1434 764 1492 806 sit
1552 764 1556 769 ’

145 824 480 877 antiquitatibus
520 821 781 876 Spartanum
824 822 1010 864 militem
1049 822 1281 864 coercitum
1325 823 1494 877 acriter,

145 882 257 936 quod
296 883 542 936 procinctus
580 885 774 935 tempore
813 896 941 922 ausus
982 881 1039 922 sit
1077 881 1214 922 uideri
1252 881 1331 923 sub
1365 884 1491 923 tecto.

148 941 185 981 7.
207 941 311 982 adeo
345 944 489 982 autem
520 942 639 981 ferox
661 943 752 981 erat
783 941 827 980 in
860 955 958 981 suos
991 940 1081 980 illis
1115 940 1384 994 temporibus
1415 940 1493 982 mi-

144 999 206 1040 les
240 1003 283 1040 et
313 1014 458 1053 rapax,
489 1000 672 1053 ignauus
694 1014 794 1040 uero
827 999 872 1039 in
902 999 1049 1040 hostes
1071 1002 1113 1039 et
1145 999 1318 1053 fractu&
1350 1001 1399 1040 ut
1417 1013 1493 1052 per
1512 1010 1547 1037 15

145 1058 403 1099 ambitiones
436 1058 657 1111 otiumque
679 1058 832 1111 opibus
864 1057 1014 1111 partis,
1045 1058 1137 1098 auri
1171 1061 1213 1098 et
1243 1057 1494 1111 lapillorum

146 1116 381 1157 uarietates
401 1116 662 1157 discerneret
682 1115 980 1169 scientissime,
1012 1119 1160 1157 contra
1181 1130 1311 1170 quam
1341 1130 1488 1158 recens

145 1175 354 1216 memoria
385 1174 575 1216 tradidit.
626 1175 664 1216 8.
695 1178 847 1216 notum
880 1178 945 1216 est
977 1175 1090 1216 enim
1124 1174 1202 1215 sub
1228 1173 1492 1216 Maximiano

145 1233 326 1275 Caesare
358 1234 475 1275 uallo
506 1234 623 1287 regis
642 1233 871 1275 Persarum
893 1234 1059 1287 direpto
1092 1233 1339 1287 gregarium
1365 1247 1493 1288 quen-

145 1293 242 1334 dam
266 1296 362 1346 post
393 1292 612 1334 sacculum
642 1291 907 1346 Parthicum,
939 1293 984 1333 in
1015 1307 1098 1346 quo
1132 1294 1254 1334 erant
1285 1292 1491 1346 margari-
1509 1304 1544 1330 20

144 1355 226 1404 tae,
257 1354 487 1405 repertum,
518 1351 722 1405 proiectis
749 1351 952 1405 inperitia
973 1351 1154 1405 gemmis
1179 1350 1331 1404 abisse,
1363 1349 1490 1404 pellis

143 1410 285 1451 nitore
318 1410 411 1451 solo
444 1413 706 1451 contentum.

263 1469 301 1509 9.
332 1468 551 1510 Euenerat
587 1468 723 1510 isdem
761 1469 924 1523 diebus,
962 1471 1010 1510 ut
1041 1469 1093 1510 ad
1125 1469 1378 1509 demendum
1415 1468 1492 1509 im-

145 1527 356 1581 peratoris
391 1527 596 1581 capillum
627 1530 777 1568 tonsor
815 1528 962 1568 uenire
1000 1530 1252 1581 praeceptus
1291 1526 1492 1568 introiret

144 1585 318 1640 quidam
352 1586 582 1627 ambitiose
614 1586 810 1628 uestitus.
873 1600 956 1640 quo
994 1586 1089 1626 uiso
1122 1585 1315 1626 Iulianus
1348 1585 1492 1627 obstu-
1509 1596 1545 1624 25

143 1645 239 1699 puit
277 1645 380 1699 ‘ego’
419 1645 560 1699 inquit
598 1644 692 1686 ‘non
729 1645 985 1686 rationalem
1023 1645 1127 1685 iussi
1162 1644 1234 1685 sed
1271 1647 1491 1686 tonsorem
1523 1684 1527 1706 ἢ

93 1736 97 1737 ⁷
145 1703 296 1744 acciri'.
359 1703 651 1757 interrogatus
684 1707 828 1744 tamen
860 1703 934 1744 ille
967 1703 1069 1758 quid
1106 1703 1285 1744 haberet
1317 1717 1367 1743 ex
1399 1706 1491 1744 arte
1512 1709 1524 1773 'i

145 1762 381 1815 conpendii,
413 1762 584 1803 uicenas
617 1762 790 1803 diurnas
817 1762 1039 1816 respondit
1071 1776 1259 1803 annonas
1292 1760 1517 1802 totidem-¹

145 1835 225 1875 que
266 1821 428 1874 pabula
458 1820 760 1874 iumentorum,
799 1836 906 1875 quae
937 1821 1071 1875 uulgo
1103 1820 1304 1862 dictitant
1336 1789 1515 1874 eapita,l

144 1883 187 1920 et
220 1894 408 1920 annuum
447 1879 708 1933 stipendium
747 1893 878 1933 graue
917 1880 1077 1933 absque
1115 1879 1347 1920 fructuosis
1384 1862 1545 1952 peti-jao

143 1938 335 1979 tionibus
374 1938 535 1979 multis.
602 1939 666 1979 10.
707 1938 817 1979 unde.
850 1942 992 1980 motus
1026 1952 1172 1979 omnes
1214 1937 1341 1978 huius
1374 1936 1489 1978 modi

236 2057 248 2085 1
279 2052 456 2086 solicitior
487 2052 592 2103 bela
617 2053 764 2088 solicior
794 2053 826 2087 V
917 2058 937 2087 6
963 2052 1106 2097 flagitia
1131 2052 1164 2085 G
1197 2051 1219 2086 fl
1273 2052 1346 2086 itiis
1376 2051 1489 2087 VPba

142 2101 163 2133 8
188 2096 376 2131 molliores
403 2096 437 2130 G
461 2096 633 2132 meliores
663 2097 777 2132 VPba
852 2097 1013 2132 antehac
1037 2097 1079 2141 by
1080 2109 1103 2131 a
1127 2097 1196 2130 hac
1369 2100 1410 2131 10
1432 2095 1488 2135 bi,-

142 2143 230 2176 bere
255 2142 290 2175 b
276 2152 323 2185 μ
348 2141 476 2177 uiuere
506 2141 573 2176 VP
650 2146 689 2176 11
716 2143 992 2186 quaerebantur
1016 2107 1079 2176 ety
1076 2145 1180 2177 trans
1206 2097 1293 2177 osuPi
1317 2143 1355 2176 et
1377 2151 1491 2185 quae-

143 2187 320 2221 rebantur
344 2186 446 2222 codd.
550 2192 590 2222 13
615 2187 682 2221 sub
707 2189 807 2222 tecto
832 2188 899 2232 bya
931 2186 1159 2221 subiectoV
1127 2152 1204 2221 Vl?
1294 2189 1334 2220 17
1360 2185 1489 2220 contra

147 2231 290 2266 VGAP
313 2242 378 2267 om.
403 2232 424 2266 b
492 2230 562 2265 *20
592 2232 676 2276 post
705 2231 739 2266 G
768 2241 834 2267 om.
867 2231 978 2267 VPba
1046 2231 1232 2266 sacculum
1264 2230 1335 2265 GA
1363 2239 1488 2264 saccu-

142 2278 222 2310 tum
252 2275 286 2310 V
308 2278 499 2310 saecutum
523 2277 560 2310 P
584 2244 729 2310 slcutum
760 2277 780 2311 b
871 2280 914 2312 23
945 2275 1169 2311 demendum
1206 2274 1310 2309 VGA
1341 2284 1487 2310 comen-

143 2321 231 2355 dum
257 2320 276 2355 b
307 2320 572 2355 demetendum
597 2321 749 2356 Ernesti
841 2325 883 2356 26
908 2331 981 2356 non
1013 2321 1080 2365 bqa
1109 2331 1178 2356 om.
1209 2319 1276 2355 VP
1367 2323 1410 2353 29
1433 2319 1487 2354 di-

143 2365 299 2400 ctitante
325 2366 361 2400 1²
385 2365 581 2400 dietitante
614 2365 645 2399 V
734 2370 803 2401 *30
827 2376 941 2411 graue
967 2366 1070 2410 Pbya
1094 2366 1330 2410 <aes>graue
1360 2364 1392 2399 V
