1573 2508
123 76 177 118 70
653 82 720 118 XV
748 89 798 128 10,
825 90 932 122 3—-11

121 168 349 215 Octauiani
381 180 576 230 receptus
602 179 822 235 principis,
854 183 1040 226 molibus
1073 189 1241 242 magnis
1263 194 1472 236 exstruxit

119 229 172 271 ad
205 231 341 273 uicem
374 236 670 278 memorabilis
703 241 903 295 muneris,
936 246 1258 299 conpendiarias
1280 253 1324 291 et
1355 252 1471 294 uian-

117 288 234 331 tibus
279 296 526 347 oportunas,
570 296 731 339 medias
776 299 889 341 inter
934 301 1042 344 alias
1087 305 1220 360 Alpes
1265 312 1470 366 uetustas,

116 362 244 402 super
264 350 418 404 quibus
440 357 646 407 conperta
666 357 794 410 paulo
814 364 968 413 postea
988 362 1233 407 referemus.
1276 368 1315 409 3.
1335 369 1382 410 in
1400 369 1467 413 his

113 405 298 462 Alpibus
321 407 490 465 Cottiis,
512 427 691 467 quarum
711 417 882 459 initium
903 434 927 460 a
948 418 1184 475 Segusione
1205 428 1270 467 est
1296 428 1466 484 oppido,
1487 442 1503 466 ⁵

112 466 378 518 praecelsum
412 471 593 525 erigitur
632 474 791 529 iugum,
828 478 938 518 nulli
976 480 1064 521 fere
1097 482 1188 524 sine
1220 484 1465 530 discrimine

110 526 391 578 penetrabile.
453 530 492 571 4.
526 536 592 572 est
626 534 739 575 enim
772 550 793 576 e
827 535 981 579 Galliis
1020 540 1290 585 uenientibus
1328 560 1465 599 prona

111 582 356 628 humilitate
395 588 614 645 deuexum,
658 593 934 646 pendentium
973 613 1171 641 saxorum
1210 602 1463 647 altrinsecus

109 643 205 685 uisu
238 646 431 688 terribile
464 652 720 702 praesertim
741 668 872 695 uerno
904 658 1111 712 tempore,
1144 674 1239 701 011111
1271 661 1462 717 liquente

107 702 209 755 gelu
246 704 502 761 niuibusque
541 710 695 751 solutis
735 712 839 753 flatu
879 715 1081 757 calidiore
1121 722 1347 762 uentorum
1385 738 1461 777 per
1484 737 1515 761 10

106 760 299 816 diruptas
332 765 548 821 utrimque
570 771 792 823 angustias
815 775 857 813 et
889 773 1062 816 lacunas
1095 778 1461 830 pruinarumcon-

105 820 223 873 gerie
257 821 495 867 latebrosas
528 827 828 871 descendentes
862 835 1161 877 cunctantibus
1194 837 1354 890 plantis
1387 840 1460 882 ho-

103 879 239 921 mines
273 884 315 922 et
347 882 539 926 iumenta
578 888 804 940 procidunt
837 893 879 931 et
912 898 1131 948 carpenta3
1166 896 1291 950 idque
1323 913 1458 941 reme-

102 937 219 979 dium
253 939 304 981 ad
337 944 564 985 arcendum
597 947 775 988 exitium
809 954 1024 1003 repertum
1058 957 1123 994 est
1155 955 1312 1009 solum,
1345 959 1457 1012 quod

100 996 305 1053 pleraque
346 1000 544 1044 uehicula
585 1006 718 1047 uastis
760 1008 934 1049 funibus
975 1011 1157 1066 inligata
1199 1029 1308 1067 pone
1341 1017 1456 1058 cohi·
1478 1030 1509 1054 1⁵

100 1054 228 1097 bente
247 1058 439 1101 uirorum
461 1062 529 1103 uel
552 1063 680 1105 boum
700 1066 797 1107 nisu
818 1067 960 1109 ualido
982 1071 1053 1110 uix
1086 1085 1235 1125 gressu
1257 1078 1454 1128 reptante

96 1115 227 1168 paulo
266 1118 400 1159 tutius
441 1120 737 1165 deuoluuntur.
808 1129 850 1166 et
881 1126 998 1181 haec,
1037 1133 1082 1170 ut
1114 1131 1311 1186 diximus,
1352 1136 1451 1177 anni

96 1187 229 1215 uerno
251 1177 517 1231 contingunt.
580 1181 618 1222 5.
646 1182 786 1224 hieme
813 1199 912 1226 uero
934 1186 1087 1229 humus
1109 1194 1298 1233 crustata
1321 1192 1453 1248 frigo-

96 1231 215 1273 ribus
258 1237 300 1276 et
341 1238 562 1291 tamquam
605 1241 795 1295 lenigata
836 1244 1015 1300 ideoque
1054 1247 1199 1290 labilis
1239 1250 1452 1294 incessum

94 1292 452 1346 praecipitantem
490 1297 662 1351 inpellit
706 1304 748 1341 01
792 1303 965 1356 patulae
1007 1306 1142 1348 ualles
1187 1323 1263 1362 per
1308 1312 1449 1364 spatia
1470 1326 1504 1349 20

91 1348 224 1403 plana
243 1352 381 1405 glacie
414 1357 599 1408 perfidae
623 1363 776 1401 uorant
796 1376 883 1402 non
903 1377 1134 1418 numquam
1164 1369 1449 1412 transeuntes.

94 1407 149 1448 ob
183 1424 290 1464 quae
324 1411 516 1455 1000111111
549 1417 695 1459 callidi
733 1420 969 1462 eminentes
1010 1423 1178 1477 ligneos=
1212 1426 1335 1468 stilos
1372 1443 1448 1482 per

93 1468 287 1510 cautiora
319 1470 412 1513 loca
444 1473 648 1529 defigunt⁷
681 1480 728 1518 ut
749 1493 895 1520 00111111
929 1482 1060 1523 series
1089 1483 1299 1526 uiatorem
1319 1486 1446 1528 ducat

90 1524 329 1569 innoxium:
363 1532 434 1584 qui
468 1533 504 1573 si
541 1534 711 1577 niuibus
746 1539 886 1590 operti
920 1539 1140 1595 latuerint,
1175 1545 1444 1588 montanisue

89 1583 374 1629 defluentibus
421 1591 524 1632 riuis
570 1595 726 1647 euersi,
777 1598 922 1649 gnaris
969 1601 1212 1650 agrestibus
1255 1605 1443 1656 praeuiis
1465 1618 1499 1642 25

89 1642 264 1686 difficile
286 1650 534 1699 peruadunt.
592 1653 629 1693 6.
652 1668 676 1693 a
696 1656 943 1698 summitate
977 1661 1120 1700 autem
1141 1660 1266 1702 huius
1301 1662 1442 1714 Italici

87 1701 189 1744 cliui
220 1704 423 1758 planities
457 1709 509 1750 ad
541 1725 675 1764 usque
709 1714 942 1756 stationem
973 1718 1146 1760 nomine
1180 1718 1333 1762 Martis
1366 1736 1443 1776 per

86 1764 251 1815 septem
285 1767 527 1809 extenditur
560 1770 691 1821 milia,
725 1776 767 1813 et
800 1772 896 1815 hinc
919 1775 1003 1816 alia
1031 1777 1237 1819 celsitudo
1258 1780 1441 1822 erectior

86 1833 298 1876 aegreque
333 1827 590 1879 superabilis
624 1829 674 1871 ad
695 1829 919 1874 Matronae
952 1835 1190 1889 porrigitur
1222 1839 1439 1893 uerticem,

85 1879 204 1920 cuius
243 1883 499 1926 uocabulum
538 1902 658 1929 casus
698 1891 882 1933 feminae
923 1893 1081 1934 nobilis
1126 1895 1254 1937 dedit.
1328 1898 1438 1940 unde
1458 1911 1492 1936 ³0

85 1936 248 1979 decliue
281 1942 452 1994 quidem
485 1945 566 1986 iter
599 1947 670 1987 sed
693 1950 930 2002 expeditius
965 1952 1016 1993 ad
1050 1968 1181 2008 usque
1212 1956 1439 1998 castellum

85 1993 361 2050 Virgantiam
384 2006 513 2054 patet.
566 2005 601 2045 7.
623 2005 747 2047 huius
775 2009 1018 2062 sepulcrum
1039 2013 1191 2066 reguli,
1219 2027 1344 2067 quem
1369 2015 1437 2057 iti—

83 2067 188 2096 nera
219 2059 424 2099 struxisse
459 2063 715 2117 rettulimuS,
749 2064 983 2121 Segusione
1005 2073 1068 2111 est
1088 2072 1310 2113 moenibus
1342 2088 1436 2128 pro-

175 2186 196 2216 2
227 2184 264 2218 at
304 2184 335 2216 V
426 2187 639 2223 uiuantibns
677 2191 742 2224 ΓΙ)
837 2197 857 2227 5
887 2195 1081 2240 segutione
1114 2195 1179 2231 VP
1212 2197 1351 2242 oppido
1377 2201 1433 2234 est

84 2229 188 2262 trans
202 2238 263 2263 103.
289 2229 355 2273 ὃσα
425 2235 443 2265 6
470 2232 686 2269 (111101-11111110
719 2235 784 2270 Vl’
855 2242 895 2272 14
921 2240 977 2274 est
1000 2249 1065 2274 om.
1092 2241 1156 2284 bqa
1229 2246 1269 2277 16
1293 2242 1433 2278 bonum

82 2271 153 2305 nisi
183 2239 214 2306 {7
305 2279 347 2308 22
373 2275 536 2311 locorum
562 2288 628 2314 om.
647 2280 690 2323 by
764 2285 806 2315 :23
832 2282 1002 2328 defigunt
1020 2284 1090 2319 GA
1107 2285 1323 2331 defiguntur
1343 2287 1433 2323 VPb

81 2320 123 2350 24
148 2319 383 2354 montanisue
408 2322 540 2365 scripsi
564 2324 748 2358 montanis
773 2326 874 2362 codd.
937 2332 979 2362 25
1003 2330 1129 2374 gnaris
1145 2334 1178 2365 et
1196 2335 1323 2374 postea
1348 2343 1430 2377 per·

80 2360 198 2397 adunt
210 2363 343 2408 Haupt
369 2375 502 2410 graues
526 2367 637 2403 Vl’ba
662 2380 728 2408 om.
758 2371 791 2404 (ν’
872 2375 915 2406 26
940 2373 1198 2416 peruaduntur
1229 2375 1295 2410 VP

148 2426 226 2460 06
