1614 2549
377 34 716 97 coNs'rAn'mv's
739 55 802 92 ET
825 53 1058 91 IVLIANVS
1083 55 1150 87 361
1357 50 1442 93 259

93 159 324 215 potestatis
369 157 572 199 statuisse
616 153 774 195 dicitur
810 150 1038 192 Iulianum.
1107 146 1145 188 3.
1185 144 1335 186 deinde
1374 159 1446 186 an-

94 219 233 260 helitu
263 218 351 259 iam
369 216 571 270 pulsante
603 212 727 254 letali
747 208 966 263 conticuit,
998 207 1154 260 diuque
1176 218 1272 245 cum
1299 203 1445 244 anima

95 278 363 320 conluctatus
401 275 488 316 iam
527 273 767 314 discessura
805 268 914 310 abiit
934 282 956 308 e
975 266 1067 307 uita
1103 263 1283 305 tertium
1314 275 1445 303 nona-

94 351 190 378 rum
223 334 488 387 Octobrium,
520 331 691 386 imperii
723 328 920 370 tricesimo
952 328 1092 367 octauo
1111 323 1311 375 uitaeque
1333 334 1445 362 anno

59 413 76 439 5
95 394 426 450 quadragesimo
457 394 602 445 quarto
637 392 679 431 et
711 386 932 429 mensibus
964 383 1125 438 paucis.

213 454 253 494 4.
284 453 390 494 Post
428 465 549 505 quae,
582 447 793 502 supremis
832 459 928 486 cum
967 441 1133 497 gemitu
1166 437 1446 480 conclamatis

97 513 330 566 excitisque
362 509 564 552 lamentis
598 511 640 549 et
671 507 802 558 luctu,
834 500 1132 544 deliberabant
1163 498 1305 539 locum
1338 496 1448 537 obti-

95 576 246 613 nentes
278 571 323 611 in
355 569 455 611 aula
484 568 606 621 regia
636 565 836 620 primum,
858 561 959 616 quid
979 560 1157 614 agerent
1179 556 1334 612 quidue
1361 568 1450 596 mo-

97 631 169 672 liri
201 630 425 671 deberent:
456 626 688 682 paucisque
721 622 887 664 occulte
921 633 1047 673 super
1080 615 1278 670 eligendo
1318 614 1449 667 impe-

45 708 78 733 10
97 694 240 731 ratore
260 687 500 742 temptatis,
532 685 752 736 incitante,
785 684 832 722 ut
851 679 1082 730 ferebatur,
1100 674 1304 727 Eusebio,
1324 687 1450 727 quem

97 763 306 790 noxarum
339 744 600 788 conscientia
638 740 904 792 stimulabat,
942 751 1038 778 cum
1074 732 1283 776 nouandis
1321 731 1450 772 rebus

99 808 328 850 imminens
362 805 595 846 obsisteret
614 801 821 853 Iulianus,
852 797 1084 838 mittuntur
1118 793 1170 834 ad
1196 806 1293 832 eum
1314 789 1452 830 Theo-

98 867 227 908 laifus
272 868 314 907 et
352 863 573 918 Aligildus
616 864 718 902 tunc
758 857 948 908 comites,
987 855 1172 894 mortem
1210 850 1451 890 indicantes

98 925 330 980 propinqui
362 926 404 964 et
437 920 612 973 oraturi,
649 922 698 960 ut
729 931 852 958 mora
884 913 1002 955 omni
1034 910 1214 965 depulsa
1251 908 1304 949 ad
1343 906 1453 948 obti-

47 1000 81 1026 15
99 985 287 1026 nendum
320 982 618 1034 obtemperare
652 977 736 1018 sibi
767 976 971 1030 paratum
1001 970 1198 1012 tenderet
1231 967 1452 1008 orientem.

100 1044 139 1085 ὅ.
171 1044 288 1084 fama
318 1045 466 1082 tamen
484 1051 713 1091 rumorque
744 1033 1003 1088 loquebatur
1034 1030 1222 1070 incertus
1245 1024 1453 1067 Constan-

100 1104 211 1144 tium
248 1101 520 1142 uoluntatem
558 1096 778 1137 ordinasse
816 1094 1094 1146 postremam,
1133 1087 1179 1127 in
1211 1099 1294 1139 qua
1325 1083 1454 1124 Iulia-

101 1177 216 1214 num,
247 1163 296 1201 ut
327 1157 630 1212 praediximus,
663 1152 837 1206 scripsit
870 1152 912 1191 et
944 1146 1145 1189 heredem
1178 1146 1220 1185 et
1251 1143 1320 1184 his
1348 1155 1454 1196 quos

103 1220 325 1274 diligebat,
368 1217 469 1257 fidei
507 1213 738 1256 commissa
776 1209 931 1251 detulit
971 1210 1013 1247 et
1056 1205 1216 1258 legata.
1278 1202 1317 1243 6.
1355 1214 1456 1242 uxo-

50 1296 84 1321 20
103 1295 195 1321 rem
221 1280 367 1320 autem
397 1275 710 1329 praegnantem
741 1267 930 1322 reliquit,
961 1265 1071 1306 unde
1109 1263 1224 1304 edita
1254 1263 1456 1315 postuma

105 1340 278 1392 eiusque
309 1335 482 1377 nomine
516 1331 735 1386 appellata
761 1342 856 1369 cum
885 1323 1156 1376 adoleuisset,
1187 1317 1457 1361 matrimonii

104 1399 195 1439 iure
228 1395 429 1449 copulata
461 1395 526 1433 est
558 1390 780 1432 Gratiano.

222 1453 293 1496 16.
330 1455 365 1494 1.
397 1452 617 1493 Bonorum
650 1448 785 1503 igitur
816 1444 1107 1495 uitiorumque
1141 1439 1231 1480 eius
1264 1436 1457 1478 differen-

104 1516 168 1557 tia
198 1528 298 1555 uere
337 1513 520 1564 seruata,
557 1507 788 1562 praecipua
824 1503 965 1558 prima
997 1498 1222 1541 conueniet
1255 1494 1458 1549 expediri.

54 1588 89 1614 25
105 1571 409 1628 imperatoriae
442 1566 713 1611 auctoritatis
735 1563 994 1605 cothurnum
1015 1558 1173 1612 ubique
1200 1554 1458 1607 custodiens,

105 1631 445 1689 popularitatem
490 1627 604 1669 elato
656 1625 799 1666 animo
851 1617 1152 1662 contemnebat
1202 1617 1246 1656 et
1286 1625 1460 1666 magno,

108 1705 212 1747 erga
248 1688 497 1731 tribuendas
537 1685 737 1727 celsiores
777 1680 1012 1735 dignitates
1052 1674 1253 1730 inpendio
1291 1685 1460 1726 parcus,

106 1751 217 1793 nihil
250 1749 363 1790 circa
394 1743 818 1788 administrationum
852 1739 1085 1792 augmenta
1115 1735 1286 1789 praeter
1323 1744 1460 1784 pauca

107 1809 261 1852 nouari
292 1820 532 1862 perpessus,
562 1815 798 1855 numquam
819 1799 988 1852 erigens
1009 1808 1166 1837 cornua
1191 1789 1460 1832 militarium.

59 1884 92 1910 ³0
109 1870 149 1911 2.
168 1882 246 1910 nec
279 1867 357 1908 sub
380 1879 429 1906 eo
451 1865 534 1905 (lux
555 1862 780 1916 quisquam
802 1872 899 1899 cum
920 1853 1211 1896 clarissimatu
1230 1849 1460 1903 prouectus

110 1931 186 1970 est.
238 1928 359 1967 erant
391 1924 517 1976 enim,
547 1924 596 1962 ut
626 1933 705 1961 nos
727 1930 894 1972 quoque
920 1911 1208 1962 meminimus,
1239 1905 1460 1962 perfectis-

112 1986 227 2029 simi:
246 1999 324 2026 nec
344 1982 596 2025 occurrebat
615 1978 826 2032 magistro
842 1974 1037 2028 equitum
1057 1967 1305 2025 prouinciae
1319 1967 1461 2006 rector

203 2135 221 2164 1
246 2128 423 2163 hanillitu
463 2126 497 2161 V
528 2123 699 2159 hanelitu
736 2122 772 2156 P
820 2124 839 2154 2
863 2117 1036 2164 pulsante
1073 2115 1109 2149 A
1166 2112 1315 2146 ulsanta
1349 2108 1463 2152 VPby

112 2181 134 2212 4
149 2175 336 2211 tricesimo
354 2173 487 2207 octauo
505 2170 592 2205 add.
609 2168 771 2213 Waqner
816 2168 836 2199 5
850 2163 982 2209 quarto
996 2160 1085 2196 add.
1151 2167 1262 2203 ayner
1310 2159 1352 2190 10
1368 2155 1463 2188 tem-

112 2218 392 2266 ptatisVGAP
415 2228 484 2252 om.
509 2216 550 2251 rb
595 2212 758 2248 Eusebio
784 2210 855 2245 &A
880 2206 1052 2244 eusebius
1080 2203 1171 2239 VPb
1218 2205 1260 2236 16
1286 2200 1463 2235 Constan-

111 2268 208 2301 tium
232 2265 302 2309 bya
326 2262 503 2297 stantium
532 2259 600 2294 VP
658 2262 700 2292 21
726 2254 928 2291 adoluisset
951 2248 1190 2286 matrimonio
1219 2246 1287 2281 VP
1340 2248 1383 2279 23
1407 2243 1462 2276 ui-

113 2312 326 2354 tiorumque
354 2307 425 2342 GA
447 2306 698 2347 iuliorumque
728 2301 817 2336 VPb
910 2299 979 2332 *29
1004 2295 1242 2331 militffirium
1272 2290 1306 2325 V
1326 2288 1463 2324 milita-

114 2357 170 2390 ria
194 2356 236 2400 by
326 2354 396 2388 *31
422 2348 648 2386 meminimis
678 2347 713 2382 V

1181 2395 1249 2430 17*
