1573 2508
516 59 805 98 PRAEFATIO.
1340 63 1390 98 XI

44 156 291 199 Constantii
326 159 527 210 tempora
562 158 850 209 pertexuerat.
910 155 1010 198 Etsi
1049 157 1162 198 enim
1195 157 1390 210 priorum

42 216 287 271 principum
325 216 450 269 gesta
493 214 750 256 succinctius
789 218 1123 270 memoraverat,
1165 219 1214 256 ut
1251 230 1303 256 ex
1340 230 1389 257 eo

47 277 238 331 apparet,
287 273 400 328 quod
442 272 565 314 XXX
612 287 746 327 prope
794 273 1113 328 Imperatorum
1161 273 1390 316 historiam

42 333 250 375 tredecim
286 332 411 374 libris
450 335 541 374 erat
579 332 846 386 complexus:
883 347 969 374 non
1005 336 1153 375 tamen
1193 332 1392 375 dubitan-

43 392 144 433 dum
183 394 260 446 est,
305 391 409 446 quin
450 391 639 445 plurima
682 391 793 432 scitu
837 390 968 445 digna
998 392 1052 433 iis
1097 391 1390 434 voluminibus

44 451 378 492 continerentur.
447 449 529 491 Sed
565 452 886 504 praeterquam,
928 450 1041 504 quod
1079 450 1182 492 libri
1219 450 1287 492 illi
1325 464 1390 491 ve-

42 510 220 551 tustatis
251 509 410 550 iniuria
439 509 674 563 perierunt,
706 508 944 551 octodecim
966 509 1137 563 reliqui,
1168 512 1390 563 tamquam

44 582 95 609 ex
137 567 365 622 naufragio
411 567 595 622 quodam
645 567 708 609 ita
750 567 882 608 laceri
931 567 1161 622 mutilique
1213 568 1265 608 ad
1312 582 1390 609 nos

41 630 345 681 pervenerunt,
377 629 426 667 ut
457 626 525 667 vel
557 641 641 667 una
673 625 780 667 haec
811 626 923 667 ratio
957 626 1116 668 multos
1158 626 1210 667 ab
1244 641 1391 668 eorum

42 685 226 727 lectione
258 685 526 727 deterruerit.
559 709 613 714 —
647 709 703 714 —

160 861 380 903 Hactenus
413 861 480 902 uir
512 861 804 914 doctissimus3
839 861 958 902 cuius
992 861 1135 902 uerbis
1155 875 1291 914 pauca
1325 861 1393 901 ad-

44 920 144 961 dam
175 920 226 961 de
259 920 453 961 codicum
484 919 626 961 indole
661 923 703 961 et
736 920 1008 973 auctoritate,
1041 934 1149 974 quae
1182 920 1227 960 in
1245 918 1392 960 Fleck-

45 979 179 1020 eiseni
217 979 446 1020 annalibus
485 978 591 1033 phil.
623 976 684 1033 (a.
727 979 837 1020 1871
883 994 923 1032 p.
964 976 1211 1034 829—54)
1256 978 1393 1032 copio-

45 1038 133 1079 sius
166 1052 192 1078 a
222 1052 289 1078 me
322 1037 536 1091 explicata
567 1040 678 1078 sunt.

163 1095 367 1138 Omnium
396 1096 606 1137 librorum
625 1095 753 1137 facile
786 1095 1024 1150 principem
1047 1099 1089 1136 et
1116 1096 1244 1150 longe
1275 1110 1395 1149 prae-

46 1155 363 1197 stantissimum
399 1155 610 1196 habemus
655 1169 688 1196 c.
725 1154 989 1196 Vaticanum
1026 1154 1120 1208 (V),
1162 1155 1235 1209 qui
1265 1154 1394 1195 hodie

43 1228 221 1255 numero
260 1214 494 1268 insignitur
536 1213 648 1256 1873
688 1211 821 1269 (saec.
859 1212 1001 1254 VHH.
1039 1213 1111 1254 fol.
1150 1213 1248 1255 208.
1286 1228 1395 1254 uerS.

44 1271 133 1329 28).
193 1271 288 1314 Hoc
320 1273 463 1314 codice
496 1272 686 1326 optimae
717 1274 845 1314 notae
879 1272 1153 1313 continentur
1173 1271 1395 1313 Ammiani

44 1329 288 1373 Marcellini
337 1331 440 1373 libri
490 1345 637 1372 omnes
689 1331 760 1385 qui
819 1331 992 1385 quidem
1041 1344 1154 1371 nunc
1211 1333 1396 1372 exstant.

45 1388 153 1432 Cum
186 1390 298 1431 enim
330 1390 496 1444 priores
528 1390 734 1431 tredecim
765 1389 1088 1431 intercidissent
1120 1414 1175 1418 —
1207 1389 1251 1430 id
1284 1389 1396 1444 quod

43 1448 229 1491 fortasse
272 1449 360 1490 iam
403 1447 662 1504 Prisciani*)
708 1451 849 1490 aetate
893 1448 1057 1490 factum
1102 1451 1167 1489 est
1211 1472 1267 1477 —
1315 1447 1397 1489 soli

43 1508 170 1549 nobis
216 1508 377 1549 seruati
421 1511 521 1549 sunt
564 1507 665 1548 libri
708 1506 1055 1548 xlm—XXXI.
1122 1506 1216 1548 Hos
1261 1507 1398 1560 igitur

46 1567 163 1608 solos
194 1567 386 1621 praebet,
418 1581 495 1608 nec
527 1569 674 1608 tamen
706 1581 778 1608 eos
805 1566 1058 1619 incolumes3
1091 1566 1251 1607 iniuria
1283 1565 1397 1606 enim

44 1627 290 1680 temporum
340 1626 513 1679 accidit,
562 1628 612 1666 ut
657 1625 734 1667 sub
779 1625 909 1666 finem
952 1640 1085 1666 unum
1129 1625 1240 1666 desit
1284 1624 1397 1665 inter

45 1684 154 1726 folia
207 1685 294 1726 200
351 1688 393 1726 et
454 1685 537 1726 201
606 1684 648 1725 h.
711 1699 745 1725 e.
806 1684 1062 1738 paulatim
1124 1683 1395 1737 conligens

47 1757 163 1784 suos
201 1741 290 1799 (31,
330 1744 369 1797 8,
407 1742 453 1799 5)
485 1767 540 1772 —
573 1743 883 1784 incredibile
917 1743 1058 1784 dictu
1091 1746 1171 1784 est
1208 1740 1295 1797 (31,
1332 1741 1397 1795 10,

48 1800 133 1858 18).
195 1801 318 1851 Quod
336 1802 492 1844 folium
514 1816 607 1843 sero
641 1802 812 1844 demum
842 1802 1021 1856 periisse
1054 1802 1134 1843 hac
1166 1816 1217 1842 ex
1248 1815 1293 1841 re
1327 1815 1398 1854 ap-

45 1863 187 1915 paret,
225 1861 338 1915 quod
369 1861 538 1902 nullum
577 1863 642 1902 est
675 1860 971 1915 apographum
1005 1859 1398 1902 codicis-Vaticani

46 1919 209 1961 saeculi
251 1919 407 1961 decimi
451 1920 592 1974 quinti
636 1920 706 1961 uel
752 1920 862 1961 sexti
905 1920 951 1960 in
996 1934 1077 1973 quo
1124 1919 1273 1960 eadem
1306 1917 1398 1958 hiet

47 1977 213 2020 lacuna.
273 1978 453 2020 Praeter
483 1979 594 2020 hanc
627 1978 738 2020 aliae
772 1993 939 2033 quoque
974 1978 1136 2019 multae
1175 1976 1397 2018 inueniun-

45 2039 118 2078 tur
161 2038 338 2079 lacunae
383 2038 581 2079 consulto
618 2037 814 2091 relictae,
854 2051 961 2091 quae
993 2036 1239 2078 intermisso
1279 2038 1395 2077 certo

51 2096 237 2150 quodam
275 2096 417 2150 spatio
455 2096 651 2149 redeunt3
688 2111 827 2151 neque
866 2096 909 2136 id
940 2095 1067 2136 facile
1101 2094 1398 2149 explicaueris,

46 2154 133 2196 nisi
182 2155 322 2197 laesas
378 2155 512 2196 fuisse
564 2155 766 2196 statueris
817 2169 849 2196 c.
914 2154 1134 2209 archetypi
1202 2154 1396 2208 paginas.

139 2342 175 2384 ·)
201 2340 246 2376 cf.
273 2352 359 2379 ann.
385 2340 509 2376 Fleck.
544 2351 576 2378 a.
603 2344 688 2376 1871
714 2352 749 2385 p.
774 2343 840 2376 846
865 2352 902 2375 n.
930 2344 981 2376 12.
