1573 2508
100 49 185 92 320
606 49 727 86 xxm
751 55 783 95 ⁶,
808 54 931 94 azo-s,
957 56 978 87 5

99 145 149 183 ut
168 141 307 186 Curtii
338 143 554 200 Muciique
586 149 755 188 ueteres
775 150 819 189 et
841 147 959 189 clara
984 147 1187 202 prosapia
1204 147 1446 190 Deciorum.

101 200 312 244 abolenda
354 204 480 245 nobis
524 205 642 246 natio
687 205 995 248 molestissima
1038 205 1156 248 cuius
1200 206 1244 248 in
1287 206 1445 261 gladiis

98 260 287 301 nondum
306 265 482 304 nostrae
502 264 838 318 propinquitatis
860 265 1026 306 exaruit
1046 279 1182 306 cruor.
1219 265 1288 307 20.
1301 265 1445 319 plures

100 318 353 372 absumptae
385 324 485 363 sunt
504 322 737 364 maioribus
758 323 916 364 nostris
941 326 1116 377 aetateS,
1147 326 1194 364 ut
1219 323 1447 367 interirent

98 376 304 419 radicitus
338 394 445 433 quae
477 381 704 423 uexabant.
766 382 933 424 deuicta
964 385 1030 423 est
1069 381 1273 436 perplexo
1312 384 1355 424 et
1386 382 1481 424 di-5

99 437 255 477 uturno
286 435 426 479 Marte
459 438 689 495 Carthago,
727 440 801 482 sed
834 455 926 482 eam
959 441 1041 482 dux
1080 440 1266 494 inclytus
1298 440 1447 483 timuit

40 498 44 503 ‘
101 507 321 547 superesse
353 497 571 539 uictoriae.
635 500 790 541 euertit
821 499 1013 541 funditus
1046 498 1327 541 Numantiam
1360 498 1447 541 Sci-

98 551 171 604 pio
203 557 304 606 post
323 555 584 610 multiplices
606 572 727 599 casus
748 558 985 600 obsidionis
1007 572 1214 600 emensos.
1261 557 1444 599 Fidenas

97 623 150 651 ne
182 610 361 665 imperio
395 615 716 658 subcrescerent
747 617 951 670 aemulae,
981 616 1121 658 Roma
1146 616 1370 670 subuertit,
1402 618 1445 658 et

97 666 290 712 Faliscos
322 672 386 714 ita
411 675 626 727 oppressit
659 679 701 717 et
721 674 865 729 Veios,
895 679 943 717 ut
975 676 1150 717 suadere
1170 675 1295 717 nobis
1327 674 1444 716 labo-
1464 689 1498 714 ιο
1557 671 1573 687 “

97 730 164 767 ret
195 735 569 774 monumentorum
590 736 784 776 ueterum
815 734 932 788 fides,
963 738 1011 776 ut
1042 733 1120 776 has
1149 734 1347 776 ciuitates
1369 733 1445 775 ali-

99 787 267 839 quando
300 790 488 832 ualuisse
521 793 753 835 credamus.
815 793 883 834 21.
914 792 1020 834 haec
1052 796 1100 834 ut
1137 792 1444 847 antiquitatum

96 845 260 897 peritus
294 850 482 902 exposui,
515 855 710 905 superest
741 855 789 893 ut
821 852 1027 893 auiditate
1047 851 1241 906 rapiendi
1271 850 1445 905 postha-

96 901 200 958 bita,
232 920 338 959 quae
371 907 613 951 insidiatrix
647 925 773 964 saepe
805 909 990 951 Romani
1022 910 1174 952 militis
1205 909 1300 963 fuit,
1332 909 1445 964 quis-

98 975 177 1014 que
222 965 385 1017 agmini
424 967 655 1010 cohaerens
700 969 880 1022 incedat,
925 984 1019 1010 cum
1057 970 1109 1010 ad
1140 968 1443 1010 necessitatem
1463 980 1496 1007 15

97 1022 398 1074 congrediendi
442 1026 572 1068 fuerit
609 1030 797 1081 uentum,
841 1028 966 1081 signa
1010 1028 1185 1082 propria
1222 1029 1442 1069 secuturus

97 1078 245 1133 sciens,
272 1082 396 1137 quod,
427 1085 464 1125 si
495 1086 750 1127 remanserit
771 1087 1008 1140 quisquam,
1040 1086 1221 1127 exsectis
1249 1085 1442 1127 cruribus

94 1136 374 1192 relinquetur.
434 1143 545 1184 nihil
578 1145 691 1186 enim
722 1147 894 1198 praeter
926 1144 1047 1186 dolos
1081 1148 1123 1186 et
1159 1143 1338 1185 insidias
1369 1143 1442 1185 ho-

96 1195 226 1236 stium
271 1213 422 1241 uereor
465 1202 645 1244 nimium
689 1203 956 1244 callidorum.
1029 1203 1096 1244 22.
1141 1203 1193 1244 ad
1232 1216 1443 1244 summam

94 1253 304 1306 polliceor
336 1259 547 1302 uniuersis
580 1262 707 1303 rebus
739 1265 840 1316 post
870 1262 975 1303 haec
1006 1276 1208 1316 prospere
1228 1260 1441 1315 mitigatis
1461 1275 1496 1300 xo

96 1312 256 1367 absque
278 1317 395 1358 omni
415 1321 720 1374 praerogatiua
745 1320 997 1375 principum,
1030 1321 1102 1374 qui
1123 1319 1235 1375 quod
1255 1319 1442 1361 dixerint

94 1371 164 1411 uel
197 1376 438 1417 censuerint
477 1393 553 1431 pro
593 1382 808 1432 potestate
841 1379 1112 1421 auctoritatis
1150 1379 1309 1420 iustum
1349 1392 1440 1419 esse

95 1430 354 1487 existimant,
392 1436 603 1478 rationem
636 1453 702 1479 me
734 1441 848 1479 recte
881 1438 1174 1479 consultorum
1211 1436 1281 1478 uel
1320 1450 1439 1478 secus

95 1487 229 1541 siquis
261 1494 452 1547 exegerit
485 1496 759 1538 redditurum.
822 1497 890 1538 23.
924 1496 1122 1551 quocirca
1160 1495 1314 1549 erigite
1353 1495 1439 1536 iam

92 1559 216 1601 nunc,
236 1563 406 1605 quaeso,
439 1554 591 1607 erigite
613 1556 778 1596 animos
806 1558 983 1608 uestros,
1016 1554 1153 1596 multa
1171 1567 1440 1608 praesumen—
1459 1566 1492 1592 25
1550 1576 1555 1593 a

93 1606 159 1645 tes
197 1610 239 1647 et
277 1608 389 1650 bona
427 1616 609 1666 aequata
653 1617 766 1655 sorte
806 1614 1029 1655 nobiscum
1062 1611 1262 1667 quicquid
1299 1625 1440 1653 occur·

93 1663 199 1704 rerit
231 1666 404 1709 difficile
438 1671 622 1712 subituri
643 1675 686 1713 et
711 1673 998 1714 coniectantes
1033 1671 1239 1725 aequitati
1272 1684 1439 1724 semper

95 1721 232 1763 solere
265 1725 385 1780 iungi
412 1729 659 1771 uictorian1.'

211 1783 279 1823 24.
301 1784 511 1829 Conclusa
532 1789 725 1830 oratione
753 1790 804 1830 ad
835 1788 947 1830 hunc
969 1788 1266 1843 gratissimum
1298 1787 1438 1839 finem,

93 1837 280 1882 ductoris
314 1844 454 1896 gloria
486 1847 721 1899 proeliator
753 1848 876 1889 miles
911 1848 1116 1900 exultans,
1155 1860 1311 1900 speque
1342 1859 1438 1899 pro-
1456 1858 1491 1883 δυ
1539 1864 1541 1905 j

93 1911 313 1949 spcrorum
347 1903 511 1957 elatior,
544 1906 728 1947 sublatis
761 1906 891 1948 altius
924 1906 1056 1947 scutis
1088 1904 1198 1946 nihil
1230 1903 1437 1958 periculo-

93 1969 186 1996 sum
219 1959 308 1999 fore
342 1962 410 2002 uel
444 1963 621 2005 arduum
654 1965 905 2006 clamitabat
938 1965 1015 2006 sub
1048 1965 1306 2018 imperatore
1338 1961 1436 2016 plus

92 2013 176 2054 sibi
221 2015 380 2059 laboris
427 2037 551 2075 quam
597 2024 810 2077 gregariis
855 2023 1078 2064 indicente.
1140 2022 1208 2063 25.
1251 2020 1436 2062 maxime

182 2151 197 2180 1
226 2151 372 2184 ueteres
403 2152 467 2186 VA
494 2156 568 2188 tres
593 2155 636 2198 by
704 2160 724 2189 6
750 2155 838 2189 dum
869 2155 969 2206 ngla
1041 2159 1080 2188 13
1106 2155 1313 2203 superestgl
1331 2153 1435 2195 (etin

91 2200 205 2235 marg).
224 2194 278 2229 ed.
295 2195 383 2238 bas.)
411 2209 539 2241 sapere
566 2201 623 2233 est
641 2199 753 2234 Vl’ba
826 2204 866 2234 16
891 2200 929 2234 111
953 2200 1060 2244 signa
1082 2198 1148 2233 VP
1172 2208 1379 2242 propna—
1394 2200 1434 2231 17

91 2246 246 2278 ”squam
269 2239 357 2274 add.
389 2241 442 2273 V·u
560 2247 598 2277 17
625 2245 654 2277 si
681 2245 714 2279 G
744 2254 810 2279 om.
843 2244 875 2277 V
986 2245 1068 2288 quis
1097 2253 1181 2277 uam
1207 2244 1242 2278 P
1277 2251 1434 2286 usquam

93 2280 168 2324 §1¹35
197 2283 230 2316 V
256 2285 422 2320 cruribus
442 2288 475 2320 G
500 2288 662 2323 fraribus
686 2288 752 2323 VP
799 2293 840 2323 27
867 2289 1038 2324 difficiles
1090 2289 1126 2323 1¹
1173 2292 1216 2321 30
1241 2295 1433 2336 prospero-

90 2337 170 2360 rum
193 2329 358 2366 Valesius
374 2342 592 2375 prosperum
615 2333 680 2368 VP
698 2333 734 2367 iu
749 2344 967 2378 prosperum
984 2335 1050 2378 bya
1097 2338 1140 2368 33
1165 2331 1344 2368 indicanti
1366 2329 1435 2364 VP
