1614 2549
344 97 684 136 CONSTANTIVS
707 97 770 132 ET
795 96 1026 132 IVLIANUS
1050 101 1117 132 355
1357 101 1410 142 73

61 197 99 238 9.
130 197 230 250 post
258 194 336 235 has
369 193 547 248 Belgica
577 193 717 247 prima
735 191 1083 233 Mediomatricos
1101 195 1346 247 praetendit
1366 199 1408 237 et

61 254 260 296 Treuiros
275 252 541 294 domicilium
561 252 803 306 principum
817 252 992 293 clarum.
1045 251 1110 293 10.
1130 251 1229 293 111110
1247 253 1410 296 adnexa

61 311 242 355 secunda
285 315 350 353 est
389 311 584 365 Belgica,
628 325 712 365 qua
748 310 954 351 Ambiani
998 313 1097 351 sunt
1145 311 1247 352 urbs
1299 311 1409 354 inter

61 372 167 413 alias
189 371 377 412 eminens
399 372 442 411 et
456 369 681 411 Catelauni
702 371 744 409 et
761 368 899 410 Remi.
962 370 1025 409 11.
1053 370 1164 422 apud
1186 369 1406 425 Sequanos

24 429 279 471 5Bisontios
317 429 510 471 uidemus
549 431 591 469 et
620 427 838 469 Rauracos
880 427 976 468 aliis
1015 428 1204 480 potiores
1238 430 1406 483 oppidis

7 734 39 760 10

5 1027 38 1053 15

4 1325 38 1350 20

5 1619 38 1643 25

59 488 219 529 multis.
280 488 609 543 Lugdimensem
639 486 822 540 primam
844 486 1076 541 Lugdunus
1111 491 1237 528 ornat
1269 492 1312 530 et
1332 488 1408 530 Ca-

57 547 224 588 billona
255 550 297 588 et
329 547 514 588 Senones
548 548 590 587 et
621 545 845 599 Biturigae
878 547 921 585 et
950 545 1167 586 moenium
1192 546 1409 601 Augustu-

58 606 159 646 duni
190 606 440 659 magnitudo
462 607 643 646 uetusta.
688 604 752 644 12.
774 604 1001 645 secundam
1023 604 1136 644 enim
1156 605 1409 659 Lugdunen-

59 679 148 706 sem
190 663 422 718 Rotomagi
472 666 515 705 et
566 663 718 704 Turini
762 662 1054 704 Mediolanum
1092 664 1322 705 ostendunt
1365 668 1408 706 et

58 722 289 764 Tricasim‘:
351 723 485 777 Alpes
518 722 675 763 Graiae
714 725 756 763 et
786 721 1001 763 Poeninae
1040 723 1227 776 exceptis
1261 724 1408 766 obscu-

58 781 243 823 rioribus
265 814 273 822 .
294 814 302 822 .
325 815 333 823 .
354 814 362 822 .
400 781 561 822 habent
593 783 635 822 et
671 781 948 833 Auenticum,
986 781 1198 822 desertam
1237 782 1407 836 quidem

58 840 277 881 ciuitatem
309 841 382 882 sed
412 855 500 881 non
531 840 768 894 ignobilem
801 840 1014 894 quondam
1045 842 1092 880 ut
1124 840 1318 882 aedificia
1349 856 1409 882 se-

57 900 215 940 miruta
245 914 357 940 1111110
389 914 556 953 quoque
588 898 895 939 demonstrant.
944 898 1049 939 haec
1075 899 1321 952 prouinciae
1342 915 1408 941 ur-

57 958 216 1012 besque
231 960 330 999 sunt
343 958 589 1012 splendidae
605 956 858 998 Galliarum.
894 958 959 998 13.
981 958 1024 998 in
1044 957 1281 1011 Aquitania
1301 973 1408 1012 quae

56 1016 299 1071 Pyrenaeos
332 1019 498 1058 montes
531 1020 574 1057 et
601 1030 694 1057 eam
725 1019 890 1070 partem
923 1018 1088 1070 spectat
1114 1017 1274 1070 oceani,
1301 1032 1408 1071 quae

57 1076 243 1129 pertinet
275 1075 328 1116 ad
358 1075 590 1129 Hispanos,
622 1076 761 1129 prima
793 1075 1016 1129 prouincia
1047 1077 1112 1116 est
1136 1075 1409 1130 Aquitanica,

57 1134 338 1188 amplitudine
377 1135 602 1175 ciuitatum
646 1134 874 1175 admodum
918 1134 1051 1174 culta:
1095 1134 1265 1175 omissis
1311 1135 1408 1176 aliis

57 1193 204 1234 multis
236 1193 474 1247 Burdigala
506 1196 549 1233 et
580 1192 767 1234 Aruerni
799 1193 1013 1234 excellunt
1050 1195 1092 1233 et
1125 1192 1333 1234 Santones
1367 1196 1410 1234 et

56 1251 237 1293 Pictaui.
279 1252 345 1292 14.
359 1251 730 1305 Nouemaepopulos
746 1251 878 1292 Ausci
899 1252 1199 1292 commendant
1220 1254 1262 1292 et
1275 1251 1409 1293 Vasa-

56 1313 138 1351 tae.
188 1311 233 1351 in
263 1310 538 1352 Narbonensi
569 1310 705 1352 Elusa
737 1313 779 1351 et
798 1309 1006 1351 Narbona
1037 1312 1079 1351 et
1105 1309 1264 1351 Tolosa
1294 1311 1410 1364 prin-

57 1369 245 1423 cipatum
277 1370 446 1410 urbium
478 1372 637 1410 tenent.
698 1369 955 1410 Viennensis
988 1369 1213 1410 ciuitatum
1245 1369 1409 1410 exultat

57 1427 207 1469 decore
239 1429 483 1481 multarum,
517 1428 670 1483 quibus
702 1428 890 1482 potiores
925 1430 1025 1469 stult
1043 1427 1213 1468 Vienna
1246 1428 1341 1482 ipsa
1367 1432 1409 1469 et

57 1486 232 1528 Arelate
272 1490 314 1528 et
350 1487 570 1528 Valentia:
610 1487 764 1541 quibus
802 1486 998 1528 Massilia
1036 1487 1247 1540 iungitur,
1289 1487 1408 1528 cuius

58 1545 262 1587 societate
295 1548 338 1587 et
368 1546 533 1587 uiribus
566 1546 610 1587 in
630 1545 949 1586 discriminibus
971 1545 1113 1586 arduis
1146 1546 1301 1586 fultam
1334 1546 1409 1586 ali-

59 1604 254 1658 quotiens
275 1605 459 1659 legimus
474 1604 669 1646 Romam.
716 1603 782 1646 15.
802 1604 868 1645 his
889 1619 1023 1658 prope
1040 1603 1225 1645 Salluuii
1245 1608 1346 1645 sunt
1366 1608 1409 1646 et

57 1662 219 1704 Nicaea
233 1666 275 1704 et
282 1662 500 1718 Antipolis
516 1664 766 1718 insulaeque
776 1662 1045 1705 Stoechades.
1075 1663 1140 1704 16.
1150 1665 1192 1704 εὴ
1205 1663 1409 1717 quoniam

0 1767 1 1770 Ἴ
58 1722 110 1762 ad
141 1722 218 1763 has
251 1725 394 1776 partes
428 1737 555 1776 opere
576 1724 774 1764 contexto
806 1722 1091 1776 perueiiimus,
1124 1722 1249 1763 silere
1283 1737 1409 1776 super

0 1789 1 1793 ’
57 1779 265 1822 Rhodano
303 1781 480 1823 maximi
517 1781 703 1822 nominis
741 1781 916 1822 flumine
954 1782 1238 1837 incongruum
1271 1784 1336 1822 est
1367 1785 1409 1822 et

0 1846 1 1875 ἰ
57 1839 301 1881 absurdum.
352 1855 376 1881 a
406 1840 609 1882 Poeninis
630 1840 815 1894 Alpibus
837 1840 1034 1881 effusiore
1068 1840 1190 1894 copia
1220 1839 1407 1881 fontium

0 1901 38 1952 130
56 1897 290 1940 Rhodanus
322 1899 456 1940 fluens
477 1902 520 1940 et
550 1899 733 1953 procliui
763 1899 926 1952 impetu
958 1899 1010 1940 ad
1041 1899 1238 1952 planiora
1264 1899 1409 1952 degre-

0 2001 1 2004 ,
58 1957 176 1998 diens
207 1958 382 2012 proprio
417 1958 586 2012 agmine
618 1958 733 2012 ripas
755 1958 942 1999 occultat
973 1959 1015 1998 et
1046 1957 1193 2010 paludi
1225 1971 1316 1998 sese
1348 1957 1409 1998 in-

0 2023 1 2067 }
59 2017 252 2070 gurgitat
276 2017 449 2058 nomine
475 2016 691 2058 Lemamio
714 2031 891 2070 eamque
918 2016 1178 2056 intermeans
1199 2030 1409 2070 nusquam

363 2140 382 2158 a

147 2168 167 2198 6
185 2165 400 2209 cabyllones
422 2165 456 2199 V
469 2165 673 2200 eabillonas
696 2166 733 2199 P
780 2169 798 2200 7
816 2164 1004 2209 biturigae
1021 2164 1127 2209 Pbya
1142 2164 1357 2209 ueturrigae
1377 2164 1410 2197 V

58 2213 99 2243 11
128 2210 207 2253 [lac.
234 2214 256 2244 4
279 2210 367 2253 litt]
391 2210 533 2245 habent
561 2210 629 2244 VP
721 2209 962 2245 aduenticum
992 2208 1060 2243 VP
1153 2213 1194 2243 14
1217 2209 1256 2243 111
1280 2210 1317 2243 Α
1339 2218 1407 2245 om.

62 2254 175 2305 VPng
239 2259 279 2289 15
311 2265 394 2289 eam
424 2256 491 2306 byca
520 2255 622 2299 aeari
657 2254 691 2288 V
758 2258 798 2289 18
830 2254 1012 2289 Santones
1039 2254 1108 2289 GA
1138 2255 1313 2288 cantones
1341 2253 1409 2288 VP

59 2303 100 2333 19
124 2300 266 2343 pictaui
289 2300 393 2344 Pbya
417 2300 571 2344 picticui
600 2299 635 2333 V
700 2303 743 2334 20
754 2303 836 2343 post
861 2299 982 2334 tolosa
1005 2299 1094 2334 add.
1113 2299 1151 2333 et
1171 2299 1315 2342 unae
1341 2299 1408 2342 bya

58 2347 101 2379 25
126 2345 164 2378 et
187 2345 348 2379 nicea—
363 2348 406 2379 26
431 2345 486 2379 sto
506 2345 544 2379 et
557 2344 693 2379 chades
717 2345 803 2379 add.
827 2344 883 2378 Vm
930 2347 974 2379 30
990 2343 1180 2379 rhodanus
1203 2343 1261 2378 Pb
1286 2355 1309 2378 a
1324 2343 1407 2377 hro-

58 2388 176 2423 danus
206 2389 239 2423 V
327 2389 498 2433 planiora
525 2389 594 2424 (ΞΑ
618 2389 790 2434 pleniora
818 2389 907 2425 VPb
1005 2393 1047 2423 32
1071 2388 1236 2423 limanno
