1573 2508
149 81 231 123 142
650 77 755 114 XVII
782 81 834 122 13,
855 82 990 115 21—28

267 175 335 216 21.
380 173 649 227 Limigantes
693 172 837 215 territi
880 172 1158 214 subactorum
1201 172 1409 227 exemplis
1452 177 1497 217 et

146 236 466 288 prostratorum
481 231 554 272 diu
573 230 849 273 haesitabant
863 231 1079 286 ambiguis
1100 231 1330 286 mentibus,
1348 234 1496 275 utrum

148 294 401 346 oppeterent
433 305 488 332 an
517 293 734 344 rogarent,
766 304 863 332 cum
894 290 1118 344 utriusque
1137 291 1199 331 rei
1220 293 1498 344 suppeterent
1545 293 1549 301 “

148 350 402 391 documenta
432 363 519 391 non
550 347 675 389 leuia.
737 348 842 389 uicit
873 351 1018 389 tamen
1051 349 1104 389 ad
1136 348 1340 390 ultimum
1371 352 1497 391 coetu
1545 359 1553 379 ’-

149 409 365 449 seniorum
398 409 577 462 urgente
598 406 777 448 dedendi
810 420 854 447 se
874 406 1113 447 consilium.
1156 407 1386 462 uariaeque
1405 407 1496 462 pal·
1513 416 1532 443 ⁵

148 481 242 507 mae
280 466 560 507 uictoriarum
600 466 779 507 accessit
823 479 968 506 eorum
1013 479 1181 519 quoque
1225 465 1497 521 supplicatio,

149 525 221 579 qui
254 526 386 566 armis
419 524 667 566 libertatem
694 525 954 577 inuaserant,
987 526 1029 565 et
1048 523 1206 578 reliqui
1226 538 1373 565 eorum
1399 538 1497 566 cum

147 584 359 637 precibus,
397 586 445 624 ut
489 586 710 637 superatos
749 586 791 624 et
823 582 1004 623 inbelles
1044 582 1240 624 dominos
1279 582 1498 637 aspernati

147 642 398 684 fortioribus
432 642 537 683 uisis
570 642 831 683 inclinauere
864 641 1062 682 ceruices.
1113 641 1180 682 22.
1213 643 1388 695 accepta
1419 641 1498 683 ita-

149 715 230 755 que
268 701 442 754 publica
478 701 576 753 fide,
621 701 789 742 deserto
829 700 1042 741 montium
1080 699 1404 754 propugnaculo
1443 699 1496 742 ad
1516 709 1550 738 ιο

148 762 290 801 castra
324 758 519 800 Roma-na
557 758 806 800 conuolauit
846 773 994 799 eorum
1031 773 1131 812 pars
1171 758 1307 799 maior
1345 758 1498 800 diffusa

147 832 223 871 per
254 818 395 871 spatia
427 818 572 871 ampla
604 832 852 872 camporum
885 831 981 858 cum
1018 817 1269 870 parentibus
1302 820 1345 858 et
1381 816 1497 858 natis

149 879 276 930 atquo
310 876 565 930 coniugibus
606 890 819 931 opumque
858 876 1048 929 uilitate,
1087 890 1216 929 quam
1254 876 1314 916 eis
1354 875 1499 917 celeri-

147 935 252 976 tatis
273 935 384 976 ratio
417 935 551 975 furari
584 935 794 988 permisit.
827 935 894 976 23.
927 937 971 975 et
1002 934 1076 988 qui
1108 934 1272 975 animas
1299 933 1498 976 amittere

147 994 291 1047 potius
326 1008 454 1047 quam
488 994 584 1047 cogi
622 993 762 1034 solum
797 996 964 1034 uertere
997 993 1279 1046 putabantur,
1318 992 1419 1034 dum
1450 991 1499 1034 li-

149 1055 316 1093 centem
351 1052 584 1093 amentiam
617 1051 866 1093 libertatem
899 1051 1210 1104 existimarent,
1241 1065 1391 1105 parere
1422 1051 1499 1092 im-

147 1110 280 1164 periis
313 1113 356 1150 et
389 1110 508 1151 sedes
542 1111 648 1151 alias
683 1111 897 1164 suscipere
919 1113 1018 1150 sunt
1039 1109 1206 1151 adsensi
1240 1109 1498 1164 tranquillas

148 1171 191 1209 et
222 1169 347 1221 fidas,
388 1172 436 1209 ut
467 1183 543 1209 nec
574 1169 702 1210 bellis
736 1168 883 1210 uexari
913 1182 989 1209 nec
1022 1168 1183 1208 mutari
1215 1167 1498 1210 seditionibus

146 1227 327 1281 possint.
371 1227 589 1282 isdemque
622 1241 672 1268 ex
693 1227 917 1280 sentent-ia,
949 1229 998 1267 ut
1018 1226 1281 1279 credebatur,
1313 1226 1498 1281 acceptis

149 1286 350 1339 quieuere
395 1286 632 1339 paulisper,
682 1289 782 1341 post
831 1286 1002 1326 feritate
1045 1285 1196 1326 natiua
1237 1285 1283 1325 in
1325 1284 1498 1326 exitiale

147 1344 284 1386 scelus
318 1345 460 1398 erecti,
494 1348 541 1385 ut
574 1358 764 1398 congruo
797 1344 1020 1385 docebitur
1051 1346 1185 1385 textu.

267 1403 336 1444 24.
368 1402 463 1444 Hoc
496 1417 638 1443 rerum
671 1418 876 1457 prospero
909 1404 1105 1443 currente
1138 1416 1336 1443 successu
1360 1402 1500 1444 tutela

145 1459 322 1515 Illyrico
363 1465 593 1515 conpetens
633 1462 807 1515 gemina
845 1463 910 1502 est
947 1460 1114 1502 ratione
1154 1460 1342 1514 firmata,
1379 1460 1499 1501 cuius

146 1521 311 1574 negotii
349 1520 563 1573 duplicem
609 1520 953 1575 magnitudinem
998 1519 1232 1572 imperator
1270 1518 1498 1572 adgressus

147 1581 378 1633 utramque
421 1578 610 1633 perfecit.
674 1579 815 1620 infidis
850 1609 1093 1618 .........
1127 1577 1272 1618 exules
1315 1577 1555 1631 populosas

147 1636 250 1678 licet
288 1637 534 1678 mobilitate
573 1652 796 1691 suppares,
836 1638 1006 1677 acturos
1039 1638 1185 1677 tamen
1221 1635 1351 1689 paulo
1384 1650 1499 1677 uere-

149 1696 340 1748 cundius,
373 1696 546 1736 tandem
578 1696 774 1736 reductos
807 1695 851 1735 in
883 1694 1013 1735 auitis
1047 1694 1218 1735 sedibus
1245 1693 1499 1736 conlocauit.

147 1754 369 1808 isdemque
408 1754 461 1795 ad
500 1755 665 1807 gratiae
705 1753 924 1795 cumulum
962 1767 1048 1794 non
1087 1752 1323 1807 ignobilem
1356 1767 1498 1807 quem-

147 1812 263 1865 piam
297 1826 442 1866 regcm
476 1813 549 1853 sed
583 1827 709 1867 quem
750 1812 833 1866 ipsi
866 1814 991 1852 antea
1023 1811 1105 1852 sibi
1143 1810 1401 1865 praefecere,
1437 1825 1498 1852 re-

149 1871 290 1923 galem
326 1871 529 1924 inposuit,
562 1871 685 1912 bonis
719 1871 851 1912 animi
885 1870 1161 1924 corporisque
1193 1872 1497 1923 praestantem.

147 1930 216 1970 25.
237 1929 317 1971 tali
349 1933 469 1971 textu
499 1933 612 1971 recte
633 1930 844 1971 factorum
866 1927 1144 1970 Constantius
1174 1928 1260 1970 iam
1279 1930 1498 1970 metuente

242 2105 252 2134 l
296 2102 494 2145 territique
538 2101 604 2136 VP
640 2105 726 2136 ante
760 2101 996 2135 subactorum
1037 2101 1146 2136 inser.
1183 2100 1396 2135 recentibus
1429 2101 1498 2146 hya

140 2149 223 2188 post
249 2146 287 2178 et
311 2147 419 2179 inser.
445 2147 641 2180 subacrum
673 2146 740 2181 VP
767 2147 1053 2190 dittoyraphiam
1079 2146 1147 2180 del.
1179 2146 1245 2190 bya
1270 2146 1495 2180 summatum

148 2190 353 2223 mnemlauit
380 2190 545 2234 Eysseuh
620 2195 637 2225 7
664 2191 799 2235 reliqui
825 2202 952 2225 eorum
969 2191 1001 2225 G
1027 2190 1227 2241 reliquiore
1257 2189 1328 2225 VP
1374 2193 1415 2224 14
1440 2190 1495 2224 su—

146 2234 219 2268 rari
251 2234 318 2278 bya
349 2235 505 2269 suturari
543 2235 609 2269 VP
701 2239 743 2269 23
777 2236 879 2270 cuius
911 2237 978 2280 nga
1010 2246 1032 2269 a
1063 2246 1167 2269 cuius
1197 2234 1265 2269 VP
1354 2237 1397 2269 25
1427 2234 1495 2269 lae.

957 2288 974 2306 Β

144 2311 258 2346 indic.
281 2312 416 2392 tHaugc
488 2317 530 2347 26
555 2324 734 2358 suppares
751 2314 883 2358 Haupt
909 2313 1070 2358 sup*res
1094 2312 1178 2347 V=
1195 2323 1307 2357 supra
1330 2323 1388 2348 res
1410 2312 1495 2347 Pba

147 2367 278 2401 suspec
300 2368 338 2391 os
