1614 2549
665 45 895 80 IVLIANVS
913 50 978 81 361
1405 48 1487 89 267

140 155 240 182 nem
284 140 440 194 exiguo
485 154 674 194 corpore,
718 139 844 181 factis
888 142 1182 194 praestantem
1225 140 1490 195 ingentibus,

138 201 239 253 post
277 201 475 240 cruentos
514 198 654 240 exitus
693 211 848 252 regum
887 202 930 240 et
972 199 1169 253 gentium
1207 199 1260 240 ab
1298 199 1403 240 urbe
1444 199 1490 240 in

138 258 290 299 urbem
321 257 498 312 inopina
536 258 767 299 uelocitate
805 260 1139 312 transgressum,
1178 272 1349 312 quaqua
1379 258 1489 299 ince-

137 316 257 357 deret
288 317 529 357 accessione
561 331 692 371 opum
725 319 767 358 et
799 317 959 358 uirium
989 317 1130 357 famae
1162 317 1300 358 instar
1336 319 1490 358 cuncta

100 387 118 414 5
136 374 306 416 facilius
339 389 581 429 occupasse,
612 375 902 429 principatum
924 375 1106 429 denique
1133 375 1350 416 deferente
1380 378 1489 417 nutu

136 434 312 475 caelesti
344 434 505 488 absque
536 434 629 475 ulla
658 434 857 488 publicae
887 435 951 475 rei
983 434 1220 488 suscepisse
1252 435 1430 476 iactura.

257 492 300 534 3.
337 494 373 534 1.
413 493 545 534 Breui
589 493 739 534 deinde
785 491 978 534 Secundo
1024 491 1246 547 Sallustio,
1288 496 1488 547 promoto

135 552 354 605 praefecto
373 552 604 606 praetorio,
626 566 839 593 summam
861 551 1163 606 quaestionum
1185 552 1489 606 agitandarum

136 613 186 651 ut
217 610 300 652 fido
334 611 554 652 conmisit:
597 610 858 652 Mamertino
891 614 934 652 et
964 610 1193 652 Arbitione
1227 614 1269 651 et
1300 610 1488 664 Agilone

83 685 118 709 10
139 672 268 723 atque
299 669 343 710 N
346 670 482 710 euitta
519 670 753 723 adiunctis,
797 670 1033 724 itidemque
1076 669 1230 710 Iouino
1276 669 1488 723 magistro

136 728 331 782 equitum
362 743 439 782 per
470 728 696 783 Illyricum
727 743 874 770 recens
905 731 1124 782 prouecto.
1173 729 1211 769 2.
1235 729 1309 782 qui
1341 742 1488 769 omnes

136 787 398 840 transgressi
430 785 714 841 Chalcedona,
746 787 1044 841 praesentibus
1077 787 1356 828 Iouianorum
1383 786 1490 827 Her-

136 845 490 900 culianorumque
521 847 747 900 principiis
781 849 823 886 et
854 846 1054 899 tribunis,
1087 860 1236 886 causas
1263 845 1490 886 uehemen-

136 904 224 945 tius
263 919 399 958 aequo
438 905 637 959 bonoque
677 907 982 959 spectauerunt
1017 907 1189 958 praeter
1227 918 1405 957 paucas,
1445 904 1489 944 in

83 977 117 1003 15
136 964 282 1015 quihus
313 964 473 1004 ueritas
494 978 589 1005 reos
610 964 940 1005 nocentissimos
962 963 1180 1004 offerebat.
1231 963 1271 1003 3.
1292 965 1334 1003 et
1346 962 1489 1003 Palla-

135 1022 254 1063 dium
296 1022 485 1076 primum
527 1037 577 1064 ex
615 1023 827 1077 magistro
867 1022 1108 1063 officiorum
1151 1021 1196 1062 in
1234 1021 1488 1062 Brittannos

137 1081 481 1122 exterminarunt
513 1082 755 1135 suspicione
787 1084 912 1122 tenus
944 1080 1245 1121 insimulatum
1279 1079 1489 1134 quaedam

135 1139 182 1180 in
219 1139 393 1181 Gallum
439 1140 713 1194 conposuisse
759 1141 871 1193 apud
910 1138 1225 1192 Constantium,
1269 1139 1370 1179 dum
1410 1138 1487 1179 sub

136 1199 285 1240 eodem
306 1197 486 1239 Caesare
519 1199 758 1240 officiorum
780 1201 893 1239 esset
924 1198 1146 1252 magister.
1207 1198 1246 1238 4.
1268 1197 1366 1238 dein
1380 1196 1490 1239 Tau-

82 1272 117 1297 20
137 1272 234 1298 rum
256 1272 306 1299 ex
336 1257 554 1311 praefecto
574 1258 794 1311 praetorio
815 1258 860 1298 in
881 1257 1056 1298 exilium
1079 1270 1203 1310 egere
1223 1255 1488 1308 Vercellum,

135 1316 257 1357 cuius
289 1316 453 1357 factum
481 1317 593 1370 apud
625 1317 785 1357 iudices
817 1316 1033 1357 iustorum
1064 1316 1410 1369 iniustorumque
1431 1315 1490 1355 di-

137 1374 368 1417 stinctores
412 1376 550 1416 uideri
589 1375 733 1429 potuit
776 1375 927 1416 ueniae
970 1375 1159 1428 plenum.
1229 1373 1331 1427 quid
1376 1373 1490 1414 enim

135 1433 318 1488 deliquit
351 1434 387 1475 si
420 1437 563 1475 ortum
595 1434 814 1475 turbinem
846 1434 1009 1474 ueritus
1036 1433 1089 1474 ad
1120 1432 1304 1473 tutelam
1334 1431 1491 1486 princi-

134 1493 202 1547 pis
247 1493 313 1534 sui
353 1493 578 1547 confugit?
641 1496 684 1533 et
724 1495 820 1533 acta
859 1507 986 1546 super
1026 1507 1074 1533 eo
1120 1494 1244 1545 gesta
1279 1505 1367 1532 non
1399 1491 1489 1532 sine

83 1566 118 1592 25
137 1565 296 1606 magno
335 1551 592 1605 legebantur
623 1551 815 1604 horrore,
857 1566 953 1592 cum
985 1551 1029 1592 id
1060 1550 1294 1592 uoluminis
1326 1549 1491 1604 publici

137 1610 375 1652 contineret
413 1611 635 1652 exordium
672 1610 913 1651 ‘consulatu
952 1609 1085 1651 Tauri
1124 1612 1166 1650 et
1197 1608 1392 1650 Florenti
1430 1608 1490 1648 in-

133 1669 262 1711 ducto
295 1669 374 1710 sub
412 1669 696 1723 praeconibus
736 1669 902 1710 Tauro?
965 1668 1004 1710 5.
1037 1668 1090 1709 ad
1122 1667 1302 1709 exitium
1338 1667 1490 1708 itidem

134 1729 223 1770 tale
242 1727 477 1769 Pentadius
509 1728 776 1781 trahebatur,
809 1728 877 1768 cui
908 1728 952 1768 id
983 1727 1202 1769 obiectum
1235 1729 1311 1779 est,
1333 1726 1445 1781 quod
1467 1740 1491 1766 a

136 1785 392 1828 Constantio
435 1787 593 1828 missus
634 1786 750 1828 notis
797 1786 976 1840 excepit,
1021 1801 1129 1840 quae
1172 1786 1490 1839 propinquante

84 1858 118 1884 30
137 1846 324 1900 pernicie
358 1860 485 1900 super
516 1846 666 1887 multis
698 1845 992 1899 interrogatus
1024 1844 1303 1898 responderat
1325 1842 1489 1884 Gallus.

225 2029 244 2059 2
271 2026 392 2059 exitus
421 2025 455 2059 G
479 2025 618 2059 sexitus
637 2025 679 2059 V1
705 2025 899 2060 inductum
921 2024 967 2058 V²
991 2033 1057 2058 om.
1071 2024 1154 2058 Pba
1200 2026 1221 2056 4
1238 2023 1360 2057 famae
1380 2023 1490 2067 VPng

139 2070 312 2105 flammae
328 2072 365 2104 A
412 2074 430 2105 7
449 2070 611 2104 Salustio
627 2071 660 2105 G
677 2070 812 2104 salutio
835 2070 949 2105 VPba
997 2073 1038 2103 13
1054 2067 1247 2113 principiis
1269 2067 1338 2102 VG
1354 2068 1489 2112 princi-

137 2115 247 2160 pibus
259 2115 343 2149 Pha
384 2119 424 2150 15
439 2115 573 2159 quibus
586 2115 673 2149 add.
690 2115 724 2149 G
765 2119 806 2150 18
819 2113 1070 2149 constantium
1083 2113 1151 2157 bgya
1165 2113 1441 2147 constantinum
1460 2111 1495 2145 V

135 2160 224 2194 dum
242 2159 348 2194 VGA
371 2171 453 2194 sum
469 2160 506 2194 P
529 2170 594 2194 om.
619 2160 660 2194 rb
706 2164 747 2194 21
773 2160 955 2194 iustorum
979 2159 1032 2192 in·
1054 2158 1159 2193 VGA
1183 2167 1250 2192 om.
1266 2158 1324 2193 Pb
1369 2162 1411 2193 22
1427 2168 1488 2191 ue-

371 2214 383 2230 l

134 2239 219 2273 niae
246 2238 281 2273 G
304 2238 416 2273 uinea
445 2238 480 2272 V
500 2239 580 2272 uini
603 2239 686 2273 Pha
744 2242 786 2273 29
812 2238 1028 2273 Constantio
1056 2238 1089 2273 G
1115 2237 1347 2272 constantino
1377 2237 1491 2272 VPba

133 2283 234 2317 notis
260 2283 294 2318 G
325 2284 445 2317 noctis
480 2283 594 2318 VPba
693 2287 736 2318 30
766 2284 932 2327 pernicie
966 2283 999 2318 G
1034 2283 1218 2328 pernicies
1254 2281 1286 2315 V
1320 2282 1490 2326 pernices

136 2328 173 2362 P
196 2328 374 2372 Princeps
398 2328 463 2363 rba
