<?xml version="1.0" encoding="UTF-8"?>
<!DOCTYPE html PUBLIC "-//W3C//DTD XHTML 1.0 Transitional//EN"
    "http://www.w3.org/TR/xhtml1/DTD/xhtml1-transitional.dtd">
<html xmlns="http://www.w3.org/1999/xhtml" xml:lang="en" lang="en">
 <head>
  <title>
</title>
<meta http-equiv="Content-Type" content="text/html;charset=utf-8" />
  <meta name='ocr-system' content='tesseract 3.04.00' />
  <meta name='ocr-capabilities' content='ocr_page ocr_carea ocr_par ocr_line ocrx_word'/>
</head>
<body>
  <div class='ocr_page' id='page_1' title='image "./rerumgestarumlib01ammiuoft_0388.png"; bbox 0 0 1573 2508; ppageno 0'>
   <div class='ocr_carea' id='block_1_1' title="bbox 108 62 943 109">
    <p class='ocr_par' dir='ltr' id='par_1_1' title="bbox 108 62 943 109">
     <span class='ocr_line' id='line_1_1' title="bbox 108 62 943 109; baseline 0.006 -10"><span class='ocrx_word' id='word_1_1' title='bbox 108 62 193 107; x_wconf 83' lang='grc'>298</span> <span class='ocrx_word' id='word_1_2' title='bbox 600 64 704 100; x_wconf 87' lang='lat' dir='ltr'>XXII</span> <span class='ocrx_word' id='word_1_3' title='bbox 733 69 784 109; x_wconf 77' lang='lat'>15,</span> <span class='ocrx_word' id='word_1_4' title='bbox 812 70 943 103; x_wconf 81' lang='lat'>10—19</span> 
     </span>
    </p>
   </div>
   <div class='ocr_carea' id='block_1_2' title="bbox 93 160 1569 1983">
    <p class='ocr_par' dir='ltr' id='par_1_2' title="bbox 93 160 1569 1983">
     <span class='ocr_line' id='line_1_2' title="bbox 93 160 1458 205; baseline 0.001 -4"><span class='ocrx_word' id='word_1_5' title='bbox 93 163 313 202; x_wconf 82' lang='lat' dir='ltr'>,aestuans</span> <span class='ocrx_word' id='word_1_6' title='bbox 357 160 635 202; x_wconf 86' lang='lat' dir='ltr'>inundatione</span> <span class='ocrx_word' id='word_1_7' title='bbox 679 160 896 204; x_wconf 89' lang='lat' dir='ltr'>ditissima</span> <span class='ocrx_word' id='word_1_8' title='bbox 939 163 993 204; x_wconf 90' lang='lat' dir='ltr'>ad</span> <span class='ocrx_word' id='word_1_9' title='bbox 1029 166 1268 205; x_wconf 74' lang='lat' dir='ltr'>cataractas</span> <span class='ocrx_word' id='word_1_10' title='bbox 1313 162 1355 204; x_wconf 88' lang='lat' dir='ltr'>id</span> <span class='ocrx_word' id='word_1_11' title='bbox 1393 164 1458 204; x_wconf 89' lang='lat' dir='ltr'>est</span> 
     </span>
     <span class='ocr_line' id='line_1_3' title="bbox 112 218 1460 276; baseline 0.001 -15"><span class='ocrx_word' id='word_1_12' title='bbox 112 221 364 272; x_wconf 85' lang='lat' dir='ltr'>praeruptos</span> <span class='ocrx_word' id='word_1_13' title='bbox 404 218 602 273; x_wconf 87' lang='lat' dir='ltr'>scopulos</span> <span class='ocrx_word' id='word_1_14' title='bbox 642 220 773 274; x_wconf 84' lang='lat' dir='ltr'>uenit,</span> <span class='ocrx_word' id='word_1_15' title='bbox 811 235 833 261; x_wconf 90' lang='lat' dir='ltr'>e</span> <span class='ocrx_word' id='word_1_16' title='bbox 866 221 1020 275; x_wconf 88' lang='lat' dir='ltr'>quibus</span> <span class='ocrx_word' id='word_1_17' title='bbox 1052 221 1340 276; x_wconf 88' lang='lat' dir='ltr'>praecipitans</span> <span class='ocrx_word' id='word_1_18' title='bbox 1372 221 1460 263; x_wconf 91' lang='lat' dir='ltr'>ruit</span> 
     </span>
     <span class='ocr_line' id='line_1_4' title="bbox 111 277 1460 332; baseline 0.003 -14"><span class='ocrx_word' id='word_1_19' title='bbox 111 277 255 332; x_wconf 87' lang='lat' dir='ltr'>potius</span> <span class='ocrx_word' id='word_1_20' title='bbox 282 292 410 331; x_wconf 87' lang='lat' dir='ltr'>quam</span> <span class='ocrx_word' id='word_1_21' title='bbox 431 277 547 319; x_wconf 89' lang='lat' dir='ltr'>fluit:</span> <span class='ocrx_word' id='word_1_22' title='bbox 580 278 689 320; x_wconf 88' lang='lat' dir='ltr'>unde</span> <span class='ocrx_word' id='word_1_23' title='bbox 710 278 820 321; x_wconf 87' lang='lat' dir='ltr'>Atos</span> <span class='ocrx_word' id='word_1_24' title='bbox 853 280 958 322; x_wconf 88' lang='lat' dir='ltr'>olim</span> <span class='ocrx_word' id='word_1_25' title='bbox 991 280 1158 322; x_wconf 80' lang='lat' dir='ltr'>accolas</span> <span class='ocrx_word' id='word_1_26' title='bbox 1190 295 1269 322; x_wconf 91' lang='lat' dir='ltr'>usu</span> <span class='ocrx_word' id='word_1_27' title='bbox 1289 279 1460 323; x_wconf 87' lang='lat' dir='ltr'>aurium</span> 
     </span>
     <span class='ocr_line' id='line_1_5' title="bbox 112 337 1487 390; baseline 0.003 -13"><span class='ocrx_word' id='word_1_28' title='bbox 112 338 285 390; x_wconf 79' lang='lat' dir='ltr'>fragore</span> <span class='ocrx_word' id='word_1_29' title='bbox 318 337 495 378; x_wconf 86' lang='lat' dir='ltr'>adsiduo</span> <span class='ocrx_word' id='word_1_30' title='bbox 529 337 748 379; x_wconf 89' lang='lat' dir='ltr'>deminuto</span> <span class='ocrx_word' id='word_1_31' title='bbox 780 339 1014 381; x_wconf 78' lang='lat' dir='ltr'>necessitas</span> <span class='ocrx_word' id='word_1_32' title='bbox 1047 342 1213 381; x_wconf 87' lang='lat' dir='ltr'>uertere</span> <span class='ocrx_word' id='word_1_33' title='bbox 1245 339 1386 381; x_wconf 90' lang='lat' dir='ltr'>solum</span> <span class='ocrx_word' id='word_1_34' title='bbox 1405 337 1459 382; x_wconf 86' lang='lat' dir='ltr'>ad</span> <span class='ocrx_word' id='word_1_35' title='bbox 1478 358 1487 366; x_wconf 80' lang='lat'><strong>·</strong></span> 
     </span>
     <span class='ocr_line' id='line_1_6' title="bbox 113 395 1495 452; baseline -0.001 -14"><span class='ocrx_word' id='word_1_36' title='bbox 113 395 326 450; x_wconf 81' lang='lat' dir='ltr'>quietiora</span> <span class='ocrx_word' id='word_1_37' title='bbox 357 395 513 450; x_wconf 84' lang='lat' dir='ltr'>coegit.</span> <span class='ocrx_word' id='word_1_38' title='bbox 579 397 644 438; x_wconf 89' lang='lat'>10.</span> <span class='ocrx_word' id='word_1_39' title='bbox 683 397 833 438; x_wconf 82' lang='lat' dir='ltr'>exinde</span> <span class='ocrx_word' id='word_1_40' title='bbox 876 398 1013 440; x_wconf 88' lang='lat' dir='ltr'>lenius</span> <span class='ocrx_word' id='word_1_41' title='bbox 1052 412 1199 439; x_wconf 87' lang='lat' dir='ltr'>means</span> <span class='ocrx_word' id='word_1_42' title='bbox 1237 412 1314 452; x_wconf 88' lang='lat' dir='ltr'>per</span> <span class='ocrx_word' id='word_1_43' title='bbox 1346 397 1495 440; x_wconf 69' lang='lat' dir='ltr'>ostias</span> 
     </span>
     <span class='ocr_line' id='line_1_7' title="bbox 113 454 1461 510; baseline 0.001 -14"><span class='ocrx_word' id='word_1_44' title='bbox 113 458 291 509; x_wconf 79' lang='lat' dir='ltr'>septem,</span> <span class='ocrx_word' id='word_1_45' title='bbox 330 469 510 509; x_wconf 88' lang='lat' dir='ltr'>quorum</span> <span class='ocrx_word' id='word_1_46' title='bbox 549 454 722 510; x_wconf 87' lang='lat' dir='ltr'>singula</span> <span class='ocrx_word' id='word_1_47' title='bbox 759 460 1064 510; x_wconf 87' lang='lat' dir='ltr'>perpetuorum</span> <span class='ocrx_word' id='word_1_48' title='bbox 1102 456 1292 498; x_wconf 88' lang='lat' dir='ltr'>amnium</span> <span class='ocrx_word' id='word_1_49' title='bbox 1337 470 1461 499; x_wconf 85' lang='lat' dir='ltr'>usum</span> 
     </span>
     <span class='ocr_line' id='line_1_8' title="bbox 112 512 1462 570; baseline 0.001 -14"><span class='ocrx_word' id='word_1_50' title='bbox 112 517 155 556; x_wconf 86' lang='lat' dir='ltr'>et</span> <span class='ocrx_word' id='word_1_51' title='bbox 187 512 341 555; x_wconf 80' lang='lat' dir='ltr'>faciem</span> <span class='ocrx_word' id='word_1_52' title='bbox 372 514 593 568; x_wconf 78' lang='lat' dir='ltr'>praebent,</span> <span class='ocrx_word' id='word_1_53' title='bbox 623 514 755 556; x_wconf 87' lang='lat' dir='ltr'>nullis</span> <span class='ocrx_word' id='word_1_54' title='bbox 788 530 863 569; x_wconf 90' lang='lat' dir='ltr'>per</span> <span class='ocrx_word' id='word_1_55' title='bbox 888 515 1138 570; x_wconf 88' lang='lat' dir='ltr'>Aegyptum</span> <span class='ocrx_word' id='word_1_56' title='bbox 1171 515 1294 570; x_wconf 90' lang='lat' dir='ltr'>aquis</span> <span class='ocrx_word' id='word_1_57' title='bbox 1327 518 1462 558; x_wconf 85' lang='lat' dir='ltr'>exter-</span> 
     </span>
     <span class='ocr_line' id='line_1_9' title="bbox 111 571 1461 628; baseline 0.001 -14"><span class='ocrx_word' id='word_1_58' title='bbox 111 573 179 614; x_wconf 87' lang='lat' dir='ltr'>nis</span> <span class='ocrx_word' id='word_1_59' title='bbox 212 571 382 614; x_wconf 85' lang='lat' dir='ltr'>adiutus</span> <span class='ocrx_word' id='word_1_60' title='bbox 416 573 635 614; x_wconf 84' lang='lat' dir='ltr'>eiectatur.</span> <span class='ocrx_word' id='word_1_61' title='bbox 698 577 741 615; x_wconf 88' lang='lat' dir='ltr'>et</span> <span class='ocrx_word' id='word_1_62' title='bbox 777 577 948 627; x_wconf 87' lang='lat' dir='ltr'>praeter</span> <span class='ocrx_word' id='word_1_63' title='bbox 985 575 1122 616; x_wconf 78' lang='lat' dir='ltr'>amnis</span> <span class='ocrx_word' id='word_1_64' title='bbox 1161 574 1372 628; x_wconf 89' lang='lat' dir='ltr'>plurimos</span> <span class='ocrx_word' id='word_1_65' title='bbox 1411 589 1461 616; x_wconf 86' lang='lat' dir='ltr'>ex</span> 
     </span>
     <span class='ocr_line' id='line_1_10' title="bbox 113 631 1462 688; baseline 0.001 -15"><span class='ocrx_word' id='word_1_66' title='bbox 113 632 238 674; x_wconf 87' lang='lat' dir='ltr'>alueo</span> <span class='ocrx_word' id='word_1_67' title='bbox 271 631 490 673; x_wconf 87' lang='lat' dir='ltr'>deriuatos</span> <span class='ocrx_word' id='word_1_68' title='bbox 524 635 709 686; x_wconf 82' lang='lat' dir='ltr'>auctore,</span> <span class='ocrx_word' id='word_1_69' title='bbox 741 633 1024 688; x_wconf 83' lang='lat' dir='ltr'>cadentesque</span> <span class='ocrx_word' id='word_1_70' title='bbox 1055 634 1101 675; x_wconf 90' lang='lat' dir='ltr'>in</span> <span class='ocrx_word' id='word_1_71' title='bbox 1133 647 1338 687; x_wconf 86' lang='lat' dir='ltr'>suppares</span> <span class='ocrx_word' id='word_1_72' title='bbox 1359 633 1462 686; x_wconf 88' lang='lat' dir='ltr'>eius,</span> 
     </span>
     <span class='ocr_line' id='line_1_11' title="bbox 113 690 1516 747; baseline 0.002 -16"><span class='ocrx_word' id='word_1_73' title='bbox 113 695 279 745; x_wconf 88' lang='lat' dir='ltr'>septem</span> <span class='ocrx_word' id='word_1_74' title='bbox 322 690 594 745; x_wconf 88' lang='lat' dir='ltr'>nauigabiles</span> <span class='ocrx_word' id='word_1_75' title='bbox 640 695 740 733; x_wconf 88' lang='lat' dir='ltr'>sunt</span> <span class='ocrx_word' id='word_1_76' title='bbox 785 694 827 733; x_wconf 93' lang='lat' dir='ltr'>et</span> <span class='ocrx_word' id='word_1_77' title='bbox 867 692 1030 745; x_wconf 83' lang='lat' dir='ltr'>undosi,</span> <span class='ocrx_word' id='word_1_78' title='bbox 1075 692 1229 747; x_wconf 78' lang='lat' dir='ltr'>quibus</span> <span class='ocrx_word' id='word_1_79' title='bbox 1268 691 1516 734; x_wconf 75' lang='lat' dir='ltr'>subiectam</span> 
     </span>
     <span class='ocr_line' id='line_1_12' title="bbox 113 749 1463 804; baseline 0.001 -13"><span class='ocrx_word' id='word_1_80' title='bbox 113 749 325 792; x_wconf 87' lang='lat' dir='ltr'>uocabula</span> <span class='ocrx_word' id='word_1_81' title='bbox 362 751 527 790; x_wconf 89' lang='lat' dir='ltr'>ueteres</span> <span class='ocrx_word' id='word_1_82' title='bbox 561 750 823 792; x_wconf 87' lang='lat' dir='ltr'>indiderunt:</span> <span class='ocrx_word' id='word_1_83' title='bbox 868 751 1204 804; x_wconf 88' lang='lat' dir='ltr'>Heracleoticus,</span> <span class='ocrx_word' id='word_1_84' title='bbox 1250 749 1463 803; x_wconf 84' lang='lat' dir='ltr'>Sebenny-</span> 
     </span>
     <span class='ocr_line' id='line_1_13' title="bbox 111 807 1463 864; baseline 0.001 -14"><span class='ocrx_word' id='word_1_85' title='bbox 111 809 236 862; x_wconf 83' lang='lat' dir='ltr'>ticus,</span> <span class='ocrx_word' id='word_1_86' title='bbox 256 808 510 861; x_wconf 86' lang='lat' dir='ltr'>Bolbiticus,</span> <span class='ocrx_word' id='word_1_87' title='bbox 543 807 843 864; x_wconf 83' lang='lat' dir='ltr'>Pathmitieus,</span> <span class='ocrx_word' id='word_1_88' title='bbox 875 810 1131 864; x_wconf 84' lang='lat' dir='ltr'>Mendesius,</span> <span class='ocrx_word' id='word_1_89' title='bbox 1165 809 1387 851; x_wconf 82' lang='lat' dir='ltr'>Taniticus</span> <span class='ocrx_word' id='word_1_90' title='bbox 1414 812 1463 856; x_wconf 64' lang='lat' dir='ltr'>,et</span> 
     </span>
     <span class='ocr_line' id='line_1_14' title="bbox 112 867 1464 923; baseline 0 -14"><span class='ocrx_word' id='word_1_91' title='bbox 112 867 374 909; x_wconf 85' lang='lat' dir='ltr'>Pelusiacus.</span> <span class='ocrx_word' id='word_1_92' title='bbox 438 868 503 908; x_wconf 92' lang='lat'>11.</span> <span class='ocrx_word' id='word_1_93' title='bbox 525 868 665 909; x_wconf 86' lang='lat' dir='ltr'>oriens</span> <span class='ocrx_word' id='word_1_94' title='bbox 687 871 830 910; x_wconf 87' lang='lat' dir='ltr'>autem</span> <span class='ocrx_word' id='word_1_95' title='bbox 863 869 972 923; x_wconf 80' lang='lat' dir='ltr'>inde,</span> <span class='ocrx_word' id='word_1_96' title='bbox 1003 872 1051 911; x_wconf 91' lang='lat' dir='ltr'>nt</span> <span class='ocrx_word' id='word_1_97' title='bbox 1070 869 1231 910; x_wconf 87' lang='lat' dir='ltr'>dictum</span> <span class='ocrx_word' id='word_1_98' title='bbox 1260 871 1338 922; x_wconf 79' lang='lat' dir='ltr'>est,</span> <span class='ocrx_word' id='word_1_99' title='bbox 1368 882 1464 922; x_wconf 88' lang='lat' dir='ltr'>pro-</span> 
     </span>
     <span class='ocr_line' id='line_1_15' title="bbox 112 926 1463 982; baseline 0 -15"><span class='ocrx_word' id='word_1_100' title='bbox 112 926 290 980; x_wconf 87' lang='lat' dir='ltr'>pellitur</span> <span class='ocrx_word' id='word_1_101' title='bbox 330 941 351 966; x_wconf 91' lang='lat' dir='ltr'>e</span> <span class='ocrx_word' id='word_1_102' title='bbox 395 926 624 980; x_wconf 86' lang='lat' dir='ltr'>paludibus</span> <span class='ocrx_word' id='word_1_103' title='bbox 669 928 720 968; x_wconf 88' lang='lat' dir='ltr'>ad</span> <span class='ocrx_word' id='word_1_104' title='bbox 761 942 894 982; x_wconf 88' lang='lat' dir='ltr'>usque</span> <span class='ocrx_word' id='word_1_105' title='bbox 933 931 1171 970; x_wconf 82' lang='lat' dir='ltr'>cataractas</span> <span class='ocrx_word' id='word_1_106' title='bbox 1217 927 1463 981; x_wconf 85' lang='lat' dir='ltr'>insulasque</span> 
     </span>
     <span class='ocr_line' id='line_1_16' title="bbox 114 985 1517 1041; baseline 0 -15"><span class='ocrx_word' id='word_1_107' title='bbox 114 985 248 1026; x_wconf 88' lang='lat' dir='ltr'>efficit</span> <span class='ocrx_word' id='word_1_108' title='bbox 278 985 438 1039; x_wconf 76' lang='lat' dir='ltr'>plureS,</span> <span class='ocrx_word' id='word_1_109' title='bbox 478 1000 657 1039; x_wconf 88' lang='lat' dir='ltr'>quarum</span> <span class='ocrx_word' id='word_1_110' title='bbox 695 986 863 1041; x_wconf 87' lang='lat' dir='ltr'>aliquae</span> <span class='ocrx_word' id='word_1_111' title='bbox 901 988 964 1029; x_wconf 88' lang='lat' dir='ltr'>ita</span> <span class='ocrx_word' id='word_1_112' title='bbox 1000 987 1210 1041; x_wconf 88' lang='lat' dir='ltr'>porrectis</span> <span class='ocrx_word' id='word_1_113' title='bbox 1249 986 1373 1040; x_wconf 88' lang='lat' dir='ltr'>aquis</span> <span class='ocrx_word' id='word_1_114' title='bbox 1404 985 1463 1026; x_wconf 92' lang='lat' dir='ltr'>di·</span> <span class='ocrx_word' id='word_1_115' title='bbox 1484 990 1517 1017; x_wconf 84' lang='lat'>¹⁵</span> 
     </span>
     <span class='ocr_line' id='line_1_17' title="bbox 114 1044 1465 1100; baseline 0.001 -16"><span class='ocrx_word' id='word_1_116' title='bbox 114 1046 267 1085; x_wconf 87' lang='lat' dir='ltr'>cuntur</span> <span class='ocrx_word' id='word_1_117' title='bbox 299 1046 498 1085; x_wconf 85' lang='lat' dir='ltr'>extentae</span> <span class='ocrx_word' id='word_1_118' title='bbox 531 1047 578 1085; x_wconf 90' lang='lat' dir='ltr'>ut</span> <span class='ocrx_word' id='word_1_119' title='bbox 611 1045 804 1098; x_wconf 87' lang='lat' dir='ltr'>singulas</span> <span class='ocrx_word' id='word_1_120' title='bbox 827 1059 954 1100; x_wconf 82' lang='lat' dir='ltr'>aegre</span> <span class='ocrx_word' id='word_1_121' title='bbox 985 1046 1116 1087; x_wconf 88' lang='lat' dir='ltr'>tertio</span> <span class='ocrx_word' id='word_1_122' title='bbox 1136 1045 1204 1086; x_wconf 89' lang='lat' dir='ltr'>die</span> <span class='ocrx_word' id='word_1_123' title='bbox 1236 1044 1465 1099; x_wconf 86' lang='lat' dir='ltr'>relinquat.</span> 
     </span>
     <span class='ocr_line' id='line_1_18' title="bbox 118 1102 1465 1157; baseline 0.001 -14"><span class='ocrx_word' id='word_1_124' title='bbox 118 1103 183 1144; x_wconf 78' lang='lat'>12.</span> <span class='ocrx_word' id='word_1_125' title='bbox 221 1102 334 1144; x_wconf 89' lang='lat' dir='ltr'>inter</span> <span class='ocrx_word' id='word_1_126' title='bbox 372 1118 478 1157; x_wconf 86' lang='lat' dir='ltr'>quas</span> <span class='ocrx_word' id='word_1_127' title='bbox 516 1102 622 1144; x_wconf 83' lang='lat' dir='ltr'>duae</span> <span class='ocrx_word' id='word_1_128' title='bbox 668 1107 768 1145; x_wconf 89' lang='lat' dir='ltr'>sunt</span> <span class='ocrx_word' id='word_1_129' title='bbox 811 1104 951 1146; x_wconf 89' lang='lat' dir='ltr'>clarae</span> <span class='ocrx_word' id='word_1_130' title='bbox 989 1104 1134 1146; x_wconf 88' lang='lat' dir='ltr'>Meroe</span> <span class='ocrx_word' id='word_1_131' title='bbox 1173 1106 1217 1145; x_wconf 89' lang='lat' dir='ltr'>et</span> <span class='ocrx_word' id='word_1_132' title='bbox 1254 1103 1396 1157; x_wconf 89' lang='lat' dir='ltr'>Delta,</span> <span class='ocrx_word' id='word_1_133' title='bbox 1440 1118 1465 1145; x_wconf 89' lang='lat' dir='ltr'>a</span> 
     </span>
     <span class='ocr_line' id='line_1_19' title="bbox 114 1161 1466 1216; baseline 0.001 -14"><span class='ocrx_word' id='word_1_134' title='bbox 114 1161 351 1216; x_wconf 90' lang='lat' dir='ltr'>triquetrae</span> <span class='ocrx_word' id='word_1_135' title='bbox 390 1162 563 1203; x_wconf 81' lang='lat' dir='ltr'>litterae</span> <span class='ocrx_word' id='word_1_136' title='bbox 602 1162 742 1204; x_wconf 87' lang='lat' dir='ltr'>forma</span> <span class='ocrx_word' id='word_1_137' title='bbox 780 1163 861 1205; x_wconf 90' lang='grc'><strong>1100</strong></span> <span class='ocrx_word' id='word_1_138' title='bbox 894 1163 1103 1205; x_wconf 89' lang='lat' dir='ltr'>uocabulo</span> <span class='ocrx_word' id='word_1_139' title='bbox 1142 1162 1356 1216; x_wconf 85' lang='lat' dir='ltr'>signatius</span> <span class='ocrx_word' id='word_1_140' title='bbox 1395 1176 1466 1216; x_wconf 85' lang='lat' dir='ltr'>ap-</span> 
     </span>
     <span class='ocr_line' id='line_1_20' title="bbox 114 1220 1465 1276; baseline 0.001 -15"><span class='ocrx_word' id='word_1_141' title='bbox 114 1221 291 1274; x_wconf 85' lang='lat' dir='ltr'>pellata.</span> <span class='ocrx_word' id='word_1_142' title='bbox 359 1235 455 1262; x_wconf 89' lang='lat' dir='ltr'>cum</span> <span class='ocrx_word' id='word_1_143' title='bbox 500 1224 643 1262; x_wconf 87' lang='lat' dir='ltr'>autem</span> <span class='ocrx_word' id='word_1_144' title='bbox 688 1222 754 1263; x_wconf 90' lang='lat' dir='ltr'>sol</span> <span class='ocrx_word' id='word_1_145' title='bbox 798 1237 874 1276; x_wconf 89' lang='lat' dir='ltr'>per</span> <span class='ocrx_word' id='word_1_146' title='bbox 918 1221 1071 1264; x_wconf 84' lang='lat' dir='ltr'>Cancri</span> <span class='ocrx_word' id='word_1_147' title='bbox 1116 1221 1231 1263; x_wconf 87' lang='lat' dir='ltr'>sidus</span> <span class='ocrx_word' id='word_1_148' title='bbox 1275 1220 1465 1275; x_wconf 86' lang='lat' dir='ltr'>coeperit</span> 
     </span>
     <span class='ocr_line' id='line_1_21' title="bbox 114 1279 1569 1335; baseline 0.002 -15"><span class='ocrx_word' id='word_1_149' title='bbox 114 1279 227 1332; x_wconf 84' lang='lat' dir='ltr'>uehi,</span> <span class='ocrx_word' id='word_1_150' title='bbox 271 1292 503 1333; x_wconf 85' lang='lat' dir='ltr'>augescens</span> <span class='ocrx_word' id='word_1_151' title='bbox 543 1280 593 1321; x_wconf 79' lang='lat' dir='ltr'>ad</span> <span class='ocrx_word' id='word_1_152' title='bbox 632 1295 766 1335; x_wconf 89' lang='lat' dir='ltr'>usque</span> <span class='ocrx_word' id='word_1_153' title='bbox 808 1282 1039 1322; x_wconf 88' lang='lat' dir='ltr'>transitum</span> <span class='ocrx_word' id='word_1_154' title='bbox 1072 1281 1162 1322; x_wconf 89' lang='lat' dir='ltr'>eius</span> <span class='ocrx_word' id='word_1_155' title='bbox 1201 1280 1246 1321; x_wconf 91' lang='lat' dir='ltr'>in</span> <span class='ocrx_word' id='word_1_156' title='bbox 1276 1279 1464 1333; x_wconf 76' lang='lat' dir='ltr'>Libram,</span> <span class='ocrx_word' id='word_1_157' title='bbox 1484 1300 1518 1325; x_wconf 81' lang='lat'>20</span> <span class='ocrx_word' id='word_1_158' title='bbox 1566 1319 1569 1323; x_wconf 95' lang='lat'>.</span> 
     </span>
     <span class='ocr_line' id='line_1_22' title="bbox 115 1338 1465 1393; baseline 0.001 -14"><span class='ocrx_word' id='word_1_159' title='bbox 115 1338 347 1392; x_wconf 89' lang='lat' dir='ltr'>diebusque</span> <span class='ocrx_word' id='word_1_160' title='bbox 381 1341 552 1380; x_wconf 89' lang='lat' dir='ltr'>centum</span> <span class='ocrx_word' id='word_1_161' title='bbox 585 1339 797 1382; x_wconf 87' lang='lat' dir='ltr'>sublatius</span> <span class='ocrx_word' id='word_1_162' title='bbox 830 1340 965 1381; x_wconf 89' lang='lat' dir='ltr'>fluens</span> <span class='ocrx_word' id='word_1_163' title='bbox 998 1340 1206 1381; x_wconf 87' lang='lat' dir='ltr'>minuitur</span> <span class='ocrx_word' id='word_1_164' title='bbox 1238 1341 1390 1393; x_wconf 86' lang='lat' dir='ltr'>postea</span> <span class='ocrx_word' id='word_1_165' title='bbox 1422 1341 1465 1380; x_wconf 88' lang='lat' dir='ltr'>et</span> 
     </span>
     <span class='ocr_line' id='line_1_23' title="bbox 116 1397 1463 1453; baseline 0 -15"><span class='ocrx_word' id='word_1_166' title='bbox 116 1397 330 1451; x_wconf 83' lang='lat' dir='ltr'>mitigatis</span> <span class='ocrx_word' id='word_1_167' title='bbox 368 1397 626 1451; x_wconf 86' lang='lat' dir='ltr'>ponderibus</span> <span class='ocrx_word' id='word_1_168' title='bbox 667 1413 873 1453; x_wconf 87' lang='lat' dir='ltr'>aquarum</span> <span class='ocrx_word' id='word_1_169' title='bbox 910 1399 1091 1441; x_wconf 86' lang='lat' dir='ltr'>nauibus</span> <span class='ocrx_word' id='word_1_170' title='bbox 1126 1401 1253 1439; x_wconf 87' lang='lat' dir='ltr'>antea</span> <span class='ocrx_word' id='word_1_171' title='bbox 1292 1397 1463 1452; x_wconf 86' lang='lat' dir='ltr'>peruios</span> 
     </span>
     <span class='ocr_line' id='line_1_24' title="bbox 117 1455 1465 1511; baseline 0.001 -15"><span class='ocrx_word' id='word_1_172' title='bbox 117 1455 375 1510; x_wconf 87' lang='lat' dir='ltr'>equitabiles</span> <span class='ocrx_word' id='word_1_173' title='bbox 408 1471 583 1511; x_wconf 88' lang='lat' dir='ltr'>campos</span> <span class='ocrx_word' id='word_1_174' title='bbox 609 1458 809 1499; x_wconf 89' lang='lat' dir='ltr'>ostendit.</span> <span class='ocrx_word' id='word_1_175' title='bbox 875 1458 939 1499; x_wconf 87' lang='lat'>13.</span> <span class='ocrx_word' id='word_1_176' title='bbox 972 1457 1137 1499; x_wconf 82' lang='lat' dir='ltr'>abunde</span> <span class='ocrx_word' id='word_1_177' title='bbox 1170 1457 1314 1511; x_wconf 89' lang='lat' dir='ltr'>itaque</span> <span class='ocrx_word' id='word_1_178' title='bbox 1347 1456 1465 1498; x_wconf 83' lang='lat' dir='ltr'>luxu-</span> 
     </span>
     <span class='ocr_line' id='line_1_25' title="bbox 117 1515 1465 1570; baseline -0.001 -14"><span class='ocrx_word' id='word_1_179' title='bbox 117 1515 230 1556; x_wconf 88' lang='lat' dir='ltr'>rians</span> <span class='ocrx_word' id='word_1_180' title='bbox 271 1515 331 1556; x_wconf 90' lang='lat' dir='ltr'>ita</span> <span class='ocrx_word' id='word_1_181' title='bbox 364 1518 429 1556; x_wconf 87' lang='lat' dir='ltr'>est</span> <span class='ocrx_word' id='word_1_182' title='bbox 468 1516 638 1570; x_wconf 83' lang='lat' dir='ltr'>noxius,</span> <span class='ocrx_word' id='word_1_183' title='bbox 676 1520 724 1558; x_wconf 89' lang='lat' dir='ltr'>ut</span> <span class='ocrx_word' id='word_1_184' title='bbox 755 1517 1058 1570; x_wconf 83' lang='lat' dir='ltr'>infructuosus,</span> <span class='ocrx_word' id='word_1_185' title='bbox 1091 1516 1127 1557; x_wconf 89' lang='lat' dir='ltr'>si</span> <span class='ocrx_word' id='word_1_186' title='bbox 1168 1515 1335 1556; x_wconf 89' lang='lat' dir='ltr'>uenerit</span> <span class='ocrx_word' id='word_1_187' title='bbox 1372 1529 1465 1568; x_wconf 87' lang='lat' dir='ltr'>par-</span> 
     </span>
     <span class='ocr_line' id='line_1_26' title="bbox 117 1574 1554 1628; baseline 0.002 -13"><span class='ocrx_word' id='word_1_188' title='bbox 117 1574 223 1615; x_wconf 88' lang='lat' dir='ltr'>cior:</span> <span class='ocrx_word' id='word_1_189' title='bbox 257 1574 478 1628; x_wconf 85' lang='lat' dir='ltr'>gurgitum</span> <span class='ocrx_word' id='word_1_190' title='bbox 499 1576 613 1617; x_wconf 87' lang='lat' dir='ltr'>enim</span> <span class='ocrx_word' id='word_1_191' title='bbox 645 1575 870 1617; x_wconf 87' lang='lat' dir='ltr'>nimietate</span> <span class='ocrx_word' id='word_1_192' title='bbox 892 1579 1112 1617; x_wconf 86' lang='lat' dir='ltr'>umectans</span> <span class='ocrx_word' id='word_1_193' title='bbox 1132 1574 1294 1616; x_wconf 88' lang='lat' dir='ltr'>diutius</span> <span class='ocrx_word' id='word_1_194' title='bbox 1327 1578 1464 1615; x_wconf 89' lang='lat' dir='ltr'>terras</span> <span class='ocrx_word' id='word_1_195' title='bbox 1484 1591 1519 1619; x_wconf 72' lang='lat'>25</span> <span class='ocrx_word' id='word_1_196' title='bbox 1550 1594 1554 1602; x_wconf 64' lang='lat'><em>⁴</em></span> 
     </span>
     <span class='ocr_line' id='line_1_27' title="bbox 117 1632 1466 1688; baseline 0 -15"><span class='ocrx_word' id='word_1_197' title='bbox 117 1632 305 1674; x_wconf 86' lang='lat' dir='ltr'>culturas</span> <span class='ocrx_word' id='word_1_198' title='bbox 344 1637 535 1676; x_wconf 88' lang='lat' dir='ltr'>moratur</span> <span class='ocrx_word' id='word_1_199' title='bbox 574 1647 787 1687; x_wconf 85' lang='lat' dir='ltr'>agrorum,</span> <span class='ocrx_word' id='word_1_200' title='bbox 830 1634 1045 1688; x_wconf 84' lang='lat' dir='ltr'>paruitate.</span> <span class='ocrx_word' id='word_1_201' title='bbox 1090 1636 1232 1675; x_wconf 87' lang='lat' dir='ltr'>autem</span> <span class='ocrx_word' id='word_1_202' title='bbox 1277 1633 1466 1674; x_wconf 88' lang='lat' dir='ltr'>minatur</span> 
     </span>
     <span class='ocr_line' id='line_1_28' title="bbox 117 1691 1466 1748; baseline 0 -16"><span class='ocrx_word' id='word_1_203' title='bbox 117 1691 288 1733; x_wconf 88' lang='lat' dir='ltr'>steriles</span> <span class='ocrx_word' id='word_1_204' title='bbox 321 1695 501 1745; x_wconf 83' lang='lat' dir='ltr'>segetes.</span> <span class='ocrx_word' id='word_1_205' title='bbox 564 1707 744 1747; x_wconf 86' lang='lat' dir='ltr'>eumque</span> <span class='ocrx_word' id='word_1_206' title='bbox 776 1708 900 1735; x_wconf 87' lang='lat' dir='ltr'>nemo</span> <span class='ocrx_word' id='word_1_207' title='bbox 940 1692 1169 1748; x_wconf 86' lang='lat' dir='ltr'>aliquando</span> <span class='ocrx_word' id='word_1_208' title='bbox 1209 1691 1361 1733; x_wconf 83' lang='lat' dir='ltr'>extolli</span> <span class='ocrx_word' id='word_1_209' title='bbox 1399 1704 1466 1732; x_wconf 89' lang='lat' dir='ltr'>cu-</span> 
     </span>
     <span class='ocr_line' id='line_1_29' title="bbox 116 1749 1466 1806; baseline 0 -16"><span class='ocrx_word' id='word_1_210' title='bbox 116 1750 221 1791; x_wconf 86' lang='lat' dir='ltr'>bitis</span> <span class='ocrx_word' id='word_1_211' title='bbox 254 1750 382 1792; x_wconf 88' lang='lat' dir='ltr'>altius</span> <span class='ocrx_word' id='word_1_212' title='bbox 416 1752 601 1793; x_wconf 86' lang='lat' dir='ltr'>sedecim</span> <span class='ocrx_word' id='word_1_213' title='bbox 632 1766 854 1806; x_wconf 85' lang='lat' dir='ltr'>possessor</span> <span class='ocrx_word' id='word_1_214' title='bbox 887 1752 1066 1805; x_wconf 88' lang='lat' dir='ltr'>optauit.</span> <span class='ocrx_word' id='word_1_215' title='bbox 1123 1754 1166 1792; x_wconf 87' lang='lat' dir='ltr'>et</span> <span class='ocrx_word' id='word_1_216' title='bbox 1199 1750 1234 1792; x_wconf 91' lang='lat' dir='ltr'>si</span> <span class='ocrx_word' id='word_1_217' title='bbox 1267 1749 1466 1792; x_wconf 88' lang='lat' dir='ltr'>inciderit</span> 
     </span>
     <span class='ocr_line' id='line_1_30' title="bbox 118 1808 1465 1865; baseline 0 -16"><span class='ocrx_word' id='word_1_218' title='bbox 118 1808 406 1863; x_wconf 85' lang='lat' dir='ltr'>moderatius,</span> <span class='ocrx_word' id='word_1_219' title='bbox 459 1811 718 1865; x_wconf 86' lang='lat' dir='ltr'>aliquotiens</span> <span class='ocrx_word' id='word_1_220' title='bbox 764 1811 900 1853; x_wconf 84' lang='lat' dir='ltr'>iactae</span> <span class='ocrx_word' id='word_1_221' title='bbox 951 1814 1162 1852; x_wconf 85' lang='lat' dir='ltr'>sementes</span> <span class='ocrx_word' id='word_1_222' title='bbox 1212 1809 1256 1850; x_wconf 92' lang='lat' dir='ltr'>in</span> <span class='ocrx_word' id='word_1_223' title='bbox 1300 1809 1465 1863; x_wconf 88' lang='lat' dir='ltr'>liquore</span> 
     </span>
     <span class='ocr_line' id='line_1_31' title="bbox 117 1867 1518 1923; baseline 0.004 -16"><span class='ocrx_word' id='word_1_224' title='bbox 117 1867 291 1922; x_wconf 84' lang='lat' dir='ltr'>pinguis</span> <span class='ocrx_word' id='word_1_225' title='bbox 325 1869 499 1922; x_wconf 85' lang='lat' dir='ltr'>cespitis</span> <span class='ocrx_word' id='word_1_226' title='bbox 533 1884 629 1911; x_wconf 88' lang='lat' dir='ltr'>cum</span> <span class='ocrx_word' id='word_1_227' title='bbox 662 1873 894 1923; x_wconf 82' lang='lat' dir='ltr'>augmento</span> <span class='ocrx_word' id='word_1_228' title='bbox 926 1870 1016 1910; x_wconf 89' lang='lat' dir='ltr'>fere</span> <span class='ocrx_word' id='word_1_229' title='bbox 1049 1868 1370 1923; x_wconf 83' lang='lat' dir='ltr'>septuagesimo</span> <span class='ocrx_word' id='word_1_230' title='bbox 1403 1881 1465 1908; x_wconf 87' lang='lat' dir='ltr'>re·</span> <span class='ocrx_word' id='word_1_231' title='bbox 1485 1887 1518 1912; x_wconf 78' lang='lat'>³0</span> 
     </span>
     <span class='ocr_line' id='line_1_32' title="bbox 118 1926 1406 1983; baseline 0.001 -17"><span class='ocrx_word' id='word_1_232' title='bbox 118 1929 368 1968; x_wconf 87' lang='lat' dir='ltr'>nascuntur:</span> <span class='ocrx_word' id='word_1_233' title='bbox 401 1928 602 1983; x_wconf 83' lang='lat' dir='ltr'>solusque</span> <span class='ocrx_word' id='word_1_234' title='bbox 634 1929 857 1970; x_wconf 87' lang='lat' dir='ltr'>fluminum</span> <span class='ocrx_word' id='word_1_235' title='bbox 878 1943 1004 1970; x_wconf 85' lang='lat' dir='ltr'>auras</span> <span class='ocrx_word' id='word_1_236' title='bbox 1036 1928 1178 1970; x_wconf 88' lang='lat' dir='ltr'>nullas</span> <span class='ocrx_word' id='word_1_237' title='bbox 1211 1926 1406 1981; x_wconf 83' lang='lat' dir='ltr'>inspirat.</span> 
     </span>
    </p>
   </div>
   <div class='ocr_carea' id='block_1_3' title="bbox 118 2128 1468 2398">
    <p class='ocr_par' dir='ltr' id='par_1_3' title="bbox 118 2128 1468 2398">
     <span class='ocr_line' id='line_1_33' title="bbox 209 2128 1467 2174; baseline 0 -12"><span class='ocrx_word' id='word_1_238' title='bbox 209 2132 229 2162; x_wconf 71' lang='lat'>4</span> <span class='ocrx_word' id='word_1_239' title='bbox 254 2130 300 2163; x_wconf 85' lang='lat' dir='ltr'>ad</span> <span class='ocrx_word' id='word_1_240' title='bbox 332 2130 517 2172; x_wconf 84' lang='lat' dir='ltr'>quietiora.</span> <span class='ocrx_word' id='word_1_241' title='bbox 551 2131 753 2165; x_wconf 73' lang='lat' dir='ltr'>Lindenbr.</span> <span class='ocrx_word' id='word_1_242' title='bbox 787 2132 900 2174; x_wconf 87' lang='lat' dir='ltr'>atque</span> <span class='ocrx_word' id='word_1_243' title='bbox 932 2130 1071 2165; x_wconf 88' lang='lat' dir='ltr'>diciora</span> <span class='ocrx_word' id='word_1_244' title='bbox 1109 2129 1142 2163; x_wconf 83' lang='lat' dir='ltr'><strong><em>V</em></strong></span> <span class='ocrx_word' id='word_1_245' title='bbox 1169 2129 1215 2163; x_wconf 84' lang='lat' dir='ltr'>ad</span> <span class='ocrx_word' id='word_1_246' title='bbox 1248 2129 1406 2164; x_wconf 83' lang='lat' dir='ltr'>editiora</span> <span class='ocrx_word' id='word_1_247' title='bbox 1432 2128 1467 2162; x_wconf 81' lang='lat' dir='ltr'><em>G</em></span> 
     </span>
     <span class='ocr_line' id='line_1_34' title="bbox 118 2173 1465 2210; baseline 0 -3"><span class='ocrx_word' id='word_1_248' title='bbox 118 2176 139 2207; x_wconf 87' lang='lat'>8</span> <span class='ocrx_word' id='word_1_249' title='bbox 165 2173 347 2208; x_wconf 88' lang='lat' dir='ltr'>electatur</span> <span class='ocrx_word' id='word_1_250' title='bbox 379 2174 443 2208; x_wconf 86' lang='lat' dir='ltr'>VP</span> <span class='ocrx_word' id='word_1_251' title='bbox 491 2176 558 2209; x_wconf 81' lang='lat' dir='ltr'>*et</span> <span class='ocrx_word' id='word_1_252' title='bbox 584 2175 616 2209; x_wconf 82' lang='lat' dir='ltr'><em>G</em></span> <span class='ocrx_word' id='word_1_253' title='bbox 646 2176 703 2210; x_wconf 78' lang='lat' dir='ltr'>est</span> <span class='ocrx_word' id='word_1_254' title='bbox 733 2175 843 2209; x_wconf 85' lang='lat' dir='ltr'>VPba</span> <span class='ocrx_word' id='word_1_255' title='bbox 935 2180 955 2210; x_wconf 88' lang='grc'>9</span> <span class='ocrx_word' id='word_1_256' title='bbox 981 2174 1168 2209; x_wconf 88' lang='lat' dir='ltr'>deriuatos</span> <span class='ocrx_word' id='word_1_257' title='bbox 1195 2174 1228 2208; x_wconf 84' lang='lat' dir='ltr'><strong><em>G</em></strong></span> <span class='ocrx_word' id='word_1_258' title='bbox 1254 2174 1398 2208; x_wconf 88' lang='lat' dir='ltr'>derium</span> <span class='ocrx_word' id='word_1_259' title='bbox 1423 2183 1465 2207; x_wconf 91' lang='lat' dir='ltr'>oc</span> 
     </span>
     <span class='ocr_line' id='line_1_35' title="bbox 124 2216 1468 2265; baseline -0.001 -13"><span class='ocrx_word' id='word_1_260' title='bbox 124 2216 192 2252; x_wconf 83' lang='lat' dir='ltr'>VP</span> <span class='ocrx_word' id='word_1_261' title='bbox 216 2218 285 2253; x_wconf 85' lang='lat' dir='ltr'>hoo</span> <span class='ocrx_word' id='word_1_262' title='bbox 310 2219 353 2253; x_wconf 83' lang='lat' dir='ltr'>ba</span> <span class='ocrx_word' id='word_1_263' title='bbox 428 2224 466 2253; x_wconf 77' lang='lat'>12</span> <span class='ocrx_word' id='word_1_264' title='bbox 490 2219 694 2254; x_wconf 83' lang='lat' dir='ltr'>Bolbiticus</span> <span class='ocrx_word' id='word_1_265' title='bbox 714 2221 779 2265; x_wconf 77' lang='lat' dir='ltr'>bya</span> <span class='ocrx_word' id='word_1_266' title='bbox 811 2221 971 2255; x_wconf 84' lang='lat' dir='ltr'>bucente</span> <span class='ocrx_word' id='word_1_267' title='bbox 998 2219 1065 2254; x_wconf 90' lang='lat' dir='ltr'>VP</span> <span class='ocrx_word' id='word_1_268' title='bbox 1135 2218 1406 2263; x_wconf 85' lang='lat' dir='ltr'>pathmititicus</span> <span class='ocrx_word' id='word_1_269' title='bbox 1431 2217 1468 2252; x_wconf 91' lang='lat' dir='ltr'><strong><em>P</em></strong></span> 
     </span>
     <span class='ocr_line' id='line_1_36' title="bbox 124 2262 1468 2309; baseline 0.001 -13"><span class='ocrx_word' id='word_1_270' title='bbox 124 2266 163 2296; x_wconf 88' lang='grc'>17</span> <span class='ocrx_word' id='word_1_271' title='bbox 187 2274 313 2299; x_wconf 88' lang='lat' dir='ltr'>meroe</span> <span class='ocrx_word' id='word_1_272' title='bbox 346 2262 389 2297; x_wconf 69' lang='lat' dir='ltr'>V*</span> <span class='ocrx_word' id='word_1_273' title='bbox 419 2275 561 2299; x_wconf 83' lang='lat' dir='ltr'>merore</span> <span class='ocrx_word' id='word_1_274' title='bbox 592 2264 676 2299; x_wconf 72' lang='lat' dir='ltr'>V¹11</span> <span class='ocrx_word' id='word_1_275' title='bbox 753 2270 795 2299; x_wconf 79' lang='lat'>20</span> <span class='ocrx_word' id='word_1_276' title='bbox 819 2265 866 2300; x_wconf 89' lang='lat' dir='ltr'>ad</span> <span class='ocrx_word' id='word_1_277' title='bbox 890 2265 978 2309; x_wconf 74' lang='lat' dir='ltr'>rbya</span> <span class='ocrx_word' id='word_1_278' title='bbox 1009 2275 1055 2299; x_wconf 87' lang='lat' dir='ltr'>au</span> <span class='ocrx_word' id='word_1_279' title='bbox 1087 2263 1119 2297; x_wconf 82' lang='lat' dir='ltr'><strong><em>V</em></strong></span> <span class='ocrx_word' id='word_1_280' title='bbox 1139 2264 1185 2298; x_wconf 86' lang='lat' dir='ltr'>ab</span> <span class='ocrx_word' id='word_1_281' title='bbox 1211 2264 1247 2298; x_wconf 91' lang='lat' dir='ltr'><em>P</em></span> <span class='ocrx_word' id='word_1_282' title='bbox 1322 2267 1362 2297; x_wconf 75' lang='lat'>21</span> <span class='ocrx_word' id='word_1_283' title='bbox 1385 2265 1468 2307; x_wconf 78' lang='lat' dir='ltr'>post</span> 
     </span>
     <span class='ocr_line' id='line_1_37' title="bbox 122 2307 1466 2353; baseline 0.001 -13"><span class='ocrx_word' id='word_1_284' title='bbox 122 2307 329 2353; x_wconf 82' lang='lat' dir='ltr'>diebusque</span> <span class='ocrx_word' id='word_1_285' title='bbox 358 2310 571 2353; x_wconf 76' lang='lat' dir='ltr'>repetitum:</span> <span class='ocrx_word' id='word_1_286' title='bbox 608 2310 805 2344; x_wconf 86' lang='lat' dir='ltr'>transitum</span> <span class='ocrx_word' id='word_1_287' title='bbox 837 2309 916 2344; x_wconf 84' lang='lat' dir='ltr'>eius</span> <span class='ocrx_word' id='word_1_288' title='bbox 950 2309 1060 2353; x_wconf 72' lang='lat' dir='ltr'><strong><em>VPby</em></strong></span> <span class='ocrx_word' id='word_1_289' title='bbox 1096 2308 1229 2342; x_wconf 83' lang='lat' dir='ltr'>libram</span> <span class='ocrx_word' id='word_1_290' title='bbox 1260 2307 1466 2352; x_wconf 80' lang='lat' dir='ltr'>diebusque</span> 
     </span>
     <span class='ocr_line' id='line_1_38' title="bbox 121 2351 1225 2398; baseline 0.001 -12"><span class='ocrx_word' id='word_1_291' title='bbox 121 2353 319 2389; x_wconf 82' lang='lat' dir='ltr'>transitum</span> <span class='ocrx_word' id='word_1_292' title='bbox 346 2353 424 2389; x_wconf 88' lang='lat' dir='ltr'>eius</span> <span class='ocrx_word' id='word_1_293' title='bbox 449 2354 536 2389; x_wconf 83' lang='lat' dir='ltr'>add.</span> <span class='ocrx_word' id='word_1_294' title='bbox 568 2353 620 2388; x_wconf 61' lang='grc' dir='ltr'>ΓΜ</span> <span class='ocrx_word' id='word_1_295' title='bbox 713 2358 755 2390; x_wconf 79' lang='grc'>29</span> <span class='ocrx_word' id='word_1_296' title='bbox 780 2354 924 2398; x_wconf 86' lang='lat' dir='ltr'>liquore</span> <span class='ocrx_word' id='word_1_297' title='bbox 952 2354 985 2388; x_wconf 83' lang='lat' dir='ltr'><em>G</em></span> <span class='ocrx_word' id='word_1_298' title='bbox 1009 2353 1162 2397; x_wconf 89' lang='lat' dir='ltr'>loquore</span> <span class='ocrx_word' id='word_1_299' title='bbox 1194 2351 1225 2387; x_wconf 80' lang='lat' dir='ltr'><em>V</em></span> 
     </span>
    </p>
   </div>
  </div>
 </body>
</html>
