1614 2549
397 69 735 109 CONSTANTIVS
758 73 821 109 ΕΤ
845 74 1078 112 IVLIANVS
1102 82 1169 114 360
1374 82 1457 125 227

102 162 314 219 incedens,
331 166 562 220 partesque
575 165 864 210 discesserunt
883 169 936 211 ad
956 171 1092 214 otium
1111 172 1255 229 breue,
1273 174 1457 229 impera-

101 224 171 263 tor
212 222 258 263 in
296 222 419 264 uaria
462 238 555 265 sese
596 225 779 268 consilia
816 227 1016 271 diducens
1051 233 1094 272 et
1125 245 1316 287 uersam,
1359 248 1456 276 cum

101 280 264 322 excidio
295 280 568 325 Phaenichae
599 283 759 326 diutius
791 285 1000 329 inminere
1028 291 1297 332 necessariae
1323 293 1454 336 ratio-

98 353 174 380 nes
206 342 421 394 urgerent,
454 341 566 395 quod
597 343 912 387 munimentum
935 347 1056 388 uelut
1087 348 1320 392 insolubile
1340 350 1454 395 clau·

66 410 82 435 5
104 399 241 439 strum
284 397 475 440 hostium
520 401 767 443 excursibus
813 406 906 445 erat
951 405 1178 461 obiectum,
1223 411 1267 450 et
1311 424 1452 455 serum

38 705 71 729 10

35 996 68 1023 15

28 1291 62 1317 20

23 1584 57 1610 25

95 456 326 510 repelleret
356 459 547 512 tempus:
580 462 819 503 certaturus
853 462 1008 504 leuiter
1039 464 1102 506 ibi
1135 467 1289 508 statuit
1317 469 1450 511 inmo-

94 515 195 570 rari,
227 516 445 558 alimentis
478 517 771 560 destituendos
804 520 991 563 forsitan
1013 523 1158 565 cedere
1191 525 1447 569 existimans

93 573 262 616 Persas.
325 575 437 629 quod
476 590 596 617 secus
634 580 762 632 atque
807 579 984 621 rebatur
1027 583 1182 624 euenit.
1244 584 1312 626 25.
1352 600 1448 628 cum

93 632 207 674 enim
249 633 472 676 remissius
516 639 803 692 pugnaretur,
854 642 1027 681 umente
1071 642 1190 683 caelo
1235 644 1446 686 undantes

90 691 224 733 nubes
264 706 358 733 cum
395 693 587 735 tenebris
628 694 836 738 aduenere
873 698 1132 754 minacibus,
1172 701 1445 758 adsiduisque

90 749 302 793 imbribus
335 751 398 792 ita
429 751 700 795 inmaduerat
721 755 874 810 solum,
906 760 953 797 ut
985 757 1067 800 luti
1099 759 1320 813 glutinosa
1340 762 1445 803 mol-

90 807 205 850 lities
249 824 326 863 per
370 825 441 852 eas
486 811 686 866 regiones
729 814 1005 868 pinguissimi
1051 818 1254 871 caespitis
1299 820 1445 862 omnia

87 868 374 921 perturbaret.
437 872 479 910 et
505 884 634 924 super
664 871 731 912 his
764 872 856 926 iugi
887 873 1059 928 fragore
1091 877 1283 919 tonitrua
1303 878 1445 933 fulgu-

88 940 220 980 raque
251 930 417 969 mentes
449 927 674 970 hominum
705 931 884 984 pauidas
917 934 1230 986 perterrebant.

206 985 275 1027 26.
306 985 583 1028 Accedebant
604 1002 726 1029 arcus
759 989 958 1032 caelestis
987 996 1239 1047 conspectus
1261 994 1440 1038 adsidui.

86 1057 194 1097 quae
215 1045 377 1098 species
397 1045 507 1086 unde
539 1045 602 1087 ita
633 1046 812 1101 figurari
833 1049 890 1090 sit
911 1050 1041 1092 solita
1062 1052 1273 1105 expositio
1294 1053 1439 1095 breuis

84 1102 294 1144 ostendet.
360 1103 523 1145 halitus
563 1107 706 1146 terrae
747 1107 973 1150 calidiores
1016 1111 1058 1150 et
1098 1111 1259 1152 umoris
1306 1112 1440 1166 spira-

82 1160 202 1202 mina
221 1161 485 1216 conglobata
516 1163 563 1204 in
580 1164 729 1218 nubes,
762 1165 995 1222 exindeque
1016 1167 1197 1210 disiecta
1223 1169 1268 1210 in
1297 1185 1438 1225 asper-

82 1220 206 1274 gines
238 1235 407 1274 paruas,
440 1236 488 1262 ac
514 1222 733 1264 radiorum
764 1223 932 1266 fusione
966 1226 1190 1280 splendida
1221 1227 1339 1271 facta
1371 1245 1437 1272 su-

80 1278 288 1332 pinantur
340 1279 594 1322 uolubiliter
644 1284 794 1323 contra
850 1283 991 1337 ipsum
1047 1285 1222 1339 igneum
1274 1287 1435 1343 orbem,

80 1337 263 1392 irimque
284 1338 556 1380 conformant
587 1340 682 1381 ideo
717 1342 910 1395 spatioso
932 1344 1179 1385 curuamine
1213 1345 1435 1388 sinuosam

81 1396 193 1450 quod
225 1397 271 1437 in
300 1400 450 1439 nostro
482 1398 687 1451 panditur
717 1399 762 1440 in
781 1401 952 1455 mundo,
985 1416 1111 1456 quem
1144 1403 1352 1457 sphaerae
1373 1405 1433 1447 di-

78 1454 235 1496 midiae
265 1456 383 1510 parti
402 1457 593 1498 rationes
612 1456 818 1512 physicae
851 1464 1157 1515 superponunt.
1219 1463 1287 1504 27.
1313 1464 1431 1506 cuius

79 1514 242 1567 species
276 1517 484 1568 quantum
516 1516 713 1557 mortalis
747 1518 894 1558 oculus
928 1521 1167 1574 contuetur,
1197 1521 1339 1574 prima
1371 1522 1433 1564 lu-

76 1574 148 1613 tea
167 1572 336 1627 uisitur,
369 1574 554 1615 secunda
574 1574 808 1617 flauescens
833 1577 898 1617 uel
918 1577 1051 1632 fulua,
1082 1580 1267 1633 punicea
1288 1581 1432 1635 tertia,

76 1633 230 1684 quarta
259 1645 484 1687 purpurea⁷
521 1636 741 1687 postrema
773 1635 944 1677 caerulo
977 1640 1176 1679 concreta
1209 1641 1251 1679 et
1288 1639 1429 1681 uiridi.

73 1690 142 1731 28.
180 1690 261 1731 hac
300 1693 445 1732 autem
485 1692 621 1733 mixta
657 1693 976 1746 pulchritudine
1014 1698 1281 1750 temperatur
1317 1698 1427 1754 ideo,

73 1751 121 1788 ut
152 1751 348 1790 terrenae
381 1750 631 1792 existimant
662 1755 840 1806 mentes,
878 1754 992 1807 quod
1023 1755 1162 1809 prima
1197 1756 1286 1798 eius
1323 1771 1426 1811 pars

72 1806 251 1848 dilutior
295 1809 483 1850 cernitur
533 1810 623 1850 aeri
668 1811 868 1852 concolor
912 1812 1192 1867 circumfuso,
1244 1829 1424 1869 sequens

18 1878 33 1903 ε
72 1865 193 1906 fulua
224 1866 266 1906 id
287 1870 352 1908 est
371 1867 500 1921 paulo
523 1868 750 1910 excitatior
771 1884 899 1923 quam
931 1871 1060 1925 lutea,
1091 1872 1274 1926 punicea
1293 1874 1425 1915 tertia

164 1996 180 2025 1
206 1992 408 2027 incendens
443 1993 510 2028 VP
539 1994 696 2028 cedente
722 1994 767 2029 ba
791 2005 855 2030 om.
888 1996 921 2029 G
1035 1997 1151 2031 breue
1186 1997 1220 2032 G
1250 2002 1323 2042 pue
1353 1998 1422 2034 VP

71 2041 90 2071 3
115 2036 350 2071 Phaenichae
379 2038 412 2072 G
435 2037 658 2073 Phoeniciae
690 2039 735 2073 ba
765 2039 926 2075 fenidiae
958 2040 1026 2076 VP
1094 2042 1284 2077 *rationes
1314 2055 1422 2088 urge·

68 2082 153 2115 rent
185 2081 218 2116 G
249 2082 402 2116 rationis
433 2085 629 2128 surgerent
663 2082 731 2117 VP
825 2089 864 2119 11
904 2086 1102 2120 inlibribus
1143 2086 1176 2120 V
1267 2088 1362 2123 *loti
1391 2088 1425 2122 V

68 2128 136 2160 *14
159 2127 333 2171 per(prae
359 2128 391 2170 b)
417 2128 611 2162 terrebant
635 2129 702 2172 byca
726 2130 1062 2175 perterrebantque
1094 2131 1161 2166 VP
1254 2136 1294 2167 16
1327 2133 1420 2178 figu-

67 2170 142 2204 rari
169 2171 203 2205 G
226 2171 367 2216 igurari
396 2172 463 2207 VP
510 2173 559 2206 sit
588 2173 754 2207 Valesius
780 2175 817 2208 et
846 2174 914 2209 VP
937 2186 1002 2211 om.
1031 2176 1098 2220 bya
1176 2177 1358 2221 expositio
1387 2179 1420 2213 G-

68 2216 237 2259 exposita
265 2215 333 2250 VP
385 2217 511 2251 breuis
541 2218 709 2252 Valesius
734 2218 779 2253 de
805 2219 915 2253 rebus
943 2220 975 2254 G
1001 2220 1152 2255 durebis
1182 2222 1215 2255 V
1266 2226 1306 2257 21
1334 2233 1418 2257 con—

66 2259 229 2294 formant
254 2261 287 2295 G
312 2261 534 2296 conformati
564 2262 631 2297 VP
678 2267 719 2298 23
737 2263 913 2308 physicae
930 2265 1036 2308 Pbya
1053 2265 1191 2300 susicae
1215 2267 1247 2299 V
1291 2271 1333 2302 25
1350 2279 1417 2312 pu-

65 2304 173 2339 nicea
199 2305 268 2339 GA
292 2317 412 2350 pucea
441 2306 474 2340 V
496 2307 603 2351 picea
626 2308 682 2342 Pb
730 2312 773 2343 27
797 2308 882 2344 ideo
907 2313 950 2344 ut
976 2310 1007 2344 G
1033 2310 1072 2344 id
1096 2311 1152 2345 est
1180 2311 1248 2346 VP
1295 2316 1338 2347 29
1362 2323 1416 2346 se-

67 2359 183 2393 quens
206 2350 312 2384 fulua
338 2351 370 2386 G
396 2362 468 2396 que
494 2351 613 2386 nifula
642 2353 710 2388 VP

1130 2411 1200 2446 15*
