1573 2508
165 97 251 139 200
703 93 770 128 xx
796 97 830 136 3,
856 95 956 135 8—4,
981 96 1002 128 3

165 190 354 243 eueniat,
390 202 476 229 non
514 201 682 240 semper
721 187 866 228 deficit
902 189 1057 228 tamen.
1127 185 1165 227 8.
1203 185 1276 226 sed
1314 185 1515 239 quoniam

167 251 281 291 cirea
313 251 528 288 terrenam
566 245 853 286 mobilitatem
886 245 1027 286 locata
1058 247 1124 286 est
1155 258 1206 286 ac
1238 243 1344 286 caeli
1382 243 1515 286 totius

166 305 498 362 pulchritudinis
538 304 709 357 extima,
747 318 835 344 non
870 317 1103 357 numquam
1141 303 1312 344 ferienti
1344 316 1389 344 se
1420 301 1517 344 sub-

168 366 274 407 serit
304 364 417 405 lanei
437 363 651 404 obiectum
684 365 823 404 metae
855 363 993 403 noctis
1027 361 1071 402 in
1103 375 1255 403 conum
1282 360 1515 402 desinentis

169 426 421 478 angustum:
453 426 540 463 tum
571 421 679 462 latet
717 435 946 475 parumper
987 420 1201 472 umbrata,
1241 423 1416 474 tumque
1454 419 1517 460 ni-

170 482 396 537 grantibus
429 480 666 522 inuoluitur
698 480 854 533 globis,
886 480 922 521 si
954 479 1018 520 sol
1057 478 1262 532 sphaerae
1301 477 1518 519 inferioris

171 540 417 583 curuamine
450 540 742 592 circumfusus,
774 539 887 580 mole
908 538 1144 579 obsistente
1176 540 1357 591 terrena,
1388 535 1519 578 radiis

170 615 265 641 eam
297 599 385 640 suis
418 598 648 639 inlustrare
667 611 755 638 non
773 598 924 650 possit,
956 611 1083 651 quam
1103 609 1336 649 numquam
1361 594 1521 636 habere
1544 612 1548 650 3

170 658 391 713 proprium
428 657 574 697 lumen
604 655 829 709 opiniones
869 655 1013 697 uariae.
1046 655 1327 708 collegerunt.
1544 659 1548 701 j

291 716 330 757 9.
379 715 439 756 Et
470 729 566 756 cum
597 714 649 755 ad
681 714 794 755 idem
825 714 997 769 signum
1029 713 1175 768 aequis
1207 712 1404 766 partibus
1437 711 1519 753 soli

173 775 437 818 concurrerit
475 773 740 828 obscuratur,
778 776 825 814 ut
862 773 1022 814 dictum
1061 774 1137 825 est,
1181 771 1351 825 penitus
1395 770 1522 811 hebe-

172 838 265 876 tato
293 833 488 875 candore.
536 829 678 885 μήνης
698 830 857 872 Graece
891 828 1082 879 σύνοδος
1101 831 1268 871 dicitur.
1319 829 1384 870 10.
1403 828 1524 870 nasci

173 896 316 935 autem
354 893 547 945 putatur,
592 904 687 931 cum
730 904 864 944 parua
890 889 1175 931 declinatione
1213 888 1333 930 uelut
1370 901 1392 928 e
1429 901 1524 942 per-

173 950 400 1005 pendiculo
459 949 744 1002 superiectum
800 950 915 1003 gerit
964 949 1110 989 solem.
1190 950 1362 988 exortus
1420 956 1550 997 uerog

175 1011 265 1051 eius
308 1008 445 1050 adhuc
485 1007 769 1061 gracilescens
806 1007 1006 1060 primitus
1045 1005 1301 1048 mortalitati
1341 1005 1523 1057 uidetur,

177 1083 273 1110 cum
316 1067 369 1108 ad
414 1066 645 1107 secundum
695 1065 846 1106 relicto
899 1066 988 1107 sol'e
1039 1064 1293 1119 migrauerit
1342 1064 1551 1117 signum.f

175 1139 410 1181 progressa
458 1125 603 1179 itaque
654 1124 893 1177 porrectius
943 1124 1113 1178 iamque
1167 1122 1331 1164 abunde
1381 1121 1548 1177 nitens}

178 1187 380 1227 cornutae
412 1183 563 1224 habitu
594 1179 833 1236 μηνοειδής
863 1185 930 1224 est
955 1182 1196 1239 appellata.
1258 1195 1352 1222 cum
1381 1183 1524 1222 autem

180 1244 271 1286 sole
304 1243 436 1296 longo
467 1242 656 1295 coeperit
688 1241 922 1282 interstitio
955 1240 1213 1282 summoueri
1246 1243 1288 1281 et
1321 1240 1372 1281 ad
1404 1253 1525 1293 quar-

180 1308 272 1344 ‘tum
315 1301 559 1356 peruenerit
603 1300 787 1354 signum,
828 1300 960 1341 radiis
1000 1300 1089 1341 eius
1128 1299 1180 1341 ad
1222 1313 1265 1340 se
1306 1297 1524 1339 conuersis

177 1361 315 1402 maius
361 1359 547 1414 concipit
590 1359 735 1399 lumen
778 1362 822 1399 et
868 1359 917 1399 fit
961 1358 1123 1399 Graeco
1167 1371 1362 1398 sermone
1413 1352 1527 1410 διχό-

178 1434 318 1474 μηνις,
351 1432 459 1472 quae
491 1419 631 1458 forma
662 1417 918 1458 semiorbem
950 1417 1151 1458 ostendit.
1211 1418 1275 1458 11.
1294 1414 1526 1469 procedens

179 1478 330 1520 deinde
345 1477 431 1518 iam
447 1475 814 1529 disiunctsissime,
831 1476 1063 1530 quintoque
1078 1476 1203 1529 signo
1219 1476 1402 1528 arrepto,
1422 1473 1528 1526 figu-

178 1551 271 1578 ram
286 1537 499 1577 monstrat
513 1534 771 1588 amphicyrti
786 1534 1000 1588 utrimque
1014 1533 1355 1587 prominentibus
1370 1531 1527 1586 gibbis.

181 1610 202 1636 e
234 1595 411 1649 regione
443 1608 544 1635 uero
569 1607 663 1634 cum
694 1592 949 1633 normaliter
981 1593 1150 1633 steterit
1175 1595 1335 1644 eontra,
1368 1590 1528 1631 lumine

179 1654 306 1707 pleno
346 1652 550 1705 fulgebit,
582 1651 844 1692 domicilium
884 1651 1058 1704 septimi
1095 1651 1282 1691 retinens
1315 1649 1447 1704 signi,
1485 1651 1528 1689 et

181 1713 227 1753 in
267 1711 413 1752 eodem
458 1714 548 1751 tum
595 1710 725 1750 etiam
769 1723 901 1763 agens
946 1710 1251 1763 paululumque
1300 1720 1530 1762 progressa

272 1839 292 1869 2
320 1837 375 1869 est
399 1845 442 1869 ac
467 1834 561 1868 coeli
586 1835 633 1868 A.
660 1834 695 1868 d.
722 1833 939 1868 Gutschmid
964 1834 1002 1868 et
1026 1844 1048 1867 a
1071 1833 1174 1867 coelo
1199 1833 1301 1867 codd.
1386 1835 1406 1865 4
1431 1829 1530 1864 lanei

181 1880 370 1924 Kiessliny
409 1878 519 1913 lanici
564 1879 629 1913 VI)
668 1879 743 1912 luci
789 1879 855 1922 hya
948 1878 1135 1912 obiectum
1167 1879 1213 1912 A.
1246 1877 1281 1911 d.
1315 1873 1530 1911 Gutschmid

184 1925 333 1959 obiectu
358 1924 461 1959 codd.
509 1930 529 1958 5
554 1924 633 1957 tum
658 1923 766 1957 inser.
786 1926 829 1956 Α.
851 1923 884 1957 cl.
906 1922 1088 1957 Gutschm.
1107 1933 1172 1959 om.
1190 1922 1293 1957 codd.
1317 1923 1472 1964 tumque
1487 1938 1528 1943 -

183 1969 304 2004 scone
335 1969 443 2003 erunt
458 1968 682 2011 transposita
693 1978 765 2002 esse
779 1970 835 2011 (=
843 1979 880 2018 p.
897 1971 970 2009 199,
985 1971 1025 2002 31
1041 1967 1260 2012 disparatur.
1275 1968 1429 2023 tumque
1443 1964 1530 2008 etc.)

183 2018 249 2048 aut
274 1981 487 2048 affimat-iis
514 2017 578 2064 αμε
605 2013 648 2047 ab
673 2014 751 2056 ipso
775 2016 954 2055 scrzptore
977 2013 1188 2059 susjn‘catur
1213 2012 1257 2048 A.
1284 2011 1319 2048 d.
1346 2008 1528 2045 (rutschm.

184 2063 204 2091 (3
230 2058 362 2093 soifere
388 2059 423 2092 P
449 2058 543 2092 solu1
569 2058 645 2092 sere
675 2057 709 2091 V
759 2061 777 2090 7
802 2057 973 2090 terrenae
1004 2057 1069 2090 1'1’
1116 2061 1135 2091 9
1159 2055 1404 2100 conlegerunt
1425 2053 1531 2097 Pbya

187 2102 386 2136 collierunt
407 2102 439 2136 V
521 2106 560 2137 10
585 2104 624 2136 et
647 2112 731 2136 cum
756 2101 802 2135 ad
827 2120 870 2125 ——
897 2105 938 2134 14
963 2101 1078 2136 solem
1103 2101 1189 2135 add.
1219 2100 1274 2135 V¹¹¹
1353 2104 1392 2133 12
1417 2098 1529 2133 uniue

188 2147 340 2186 (uninae
366 2147 415 2189 P)
441 2157 551 2191 grece
576 2146 736 2189 synodos
776 2145 838 2180 VP
862 2156 970 2179 mene
1003 2156 1134 2189 graece
1160 2145 1320 2189 synodos
1349 2144 1417 2188 bqa
1475 2141 1530 2176 di-

190 2192 286 2226 citur
315 2202 380 2225 om.
408 2193 494 2235 rbya
546 2195 584 2226 18
609 2190 758 2225 menoid
791 2190 859 2225 hoc
892 2189 958 2224 VP
981 2194 1014 2232 (e
1038 2200 1220 2234 suprascr.
1253 2189 1294 2227 V]
1319 2182 1531 2233 μηνοειδὴς

189 2235 258 2270 GA
291 2237 490 2279 Μονοϊδης
522 2236 541 2273 b
598 2240 636 2269 19
669 2237 842 2279 quartum
880 2233 1047 2269 Valesius
1078 2234 1251 2278 quintum
1287 2233 1353 2268 VP
1406 2237 1446 2267 21
1474 2233 1531 2266 δι-

212 2277 357 2360 {52223-:12
372 2277 788 2358 amissario&
813 2275 1016 2358 “aa“arssss
1041 2279 1093 2358 ‘a
1123 2276 1530 2358 Vssfflissssassssffirff

186 2366 377 2414 φικιῖρτου
405 2370 437 2403 G
458 2364 707 2413 Ἀμφίκυρτος
733 2369 752 2402 b
780 2351 787 2358 ι
842 2349 976 2413 ἷζαὶὼίε
1041 2371 1048 2391 ¹
1074 2367 1208 2413 gybbis
1239 2333 1344 2402 V‘Py
1487 2333 1512 2366 μ
