1573 2508
491 61 716 99 PRAEFAT
722 63 782 99 IO.
1229 63 1369 100 XVIIII

21 161 254 203 destitutus
295 173 370 201 suo
409 159 545 213 ipsius
590 159 764 214 ingenio
809 159 943 201 fretus
989 160 1218 201 sanaturus
1264 162 1368 214 erat,

21 220 58 262 is
89 233 179 261 non
209 218 385 260 dubium
419 220 501 272 est,
540 218 644 272 quin
683 218 918 272 scripturus
958 218 1106 260 fuerit:
1139 216 1370 259 Samosa-

20 282 124 321 tam
155 278 328 332 magni
360 277 610 331 quondam
641 278 790 331 regni
811 277 1156 319 clarissimam
1190 276 1368 317 sedem.

22 337 127 388 Quis
165 337 341 378 tandem
378 336 509 376 medii
549 336 645 377 aeui
682 336 992 378 monachorum
1029 339 1153 378 tanta
1192 337 1369 389 tamque

20 396 241 438 recondita
282 395 518 436 instructus
563 398 656 436 erat
705 395 912 449 doctrina,
955 398 1005 436 ut
1048 409 1169 437 mera
1209 394 1370 436 coniec-

20 459 120 497 tura
163 454 244 495 hoo
288 454 612 507 adsequeretur,
657 454 771 508 quod
814 454 860 495 in
903 454 1082 495 dubium
1122 453 1270 494 uocari
1300 467 1371 494 ne-

21 513 144 568 quit?
190 513 258 566 22,
303 513 342 566 3,
386 512 411 553 6
457 527 507 553 ex
549 512 768 566 praefecto
811 513 1030 567 praetorio
1075 512 1117 553 P
1158 526 1208 553 ex
1251 527 1372 566 prae-

20 572 200 613 fectorio
247 571 292 613 V.
333 571 399 623 15,
439 571 484 626 5,
520 572 549 611 4
579 571 798 625 praefecto
830 572 1049 626 praetorio
1084 570 1127 612 P
1152 570 1369 624 praefecto

19 630 306 685 praefectorio
346 630 391 672 V.
435 630 503 683 22,
534 630 574 684 4,
605 631 632 671 2
663 631 881 685 probitate
914 630 957 672 P
981 630 1164 685 probate
1204 629 1249 671 V.
1299 630 1368 681 22,

20 691 60 744 4,
91 689 119 730 5
151 689 382 730 sollicitior
413 688 456 730 P
484 689 675 730 sollicior
715 690 760 747 V.
811 690 880 744 22,
909 690 976 744 12,
997 690 1022 731 8
1043 688 1228 731 Castalii
1249 687 1377 730 GAP

21 748 213 790 castralii
260 747 305 789 V.
357 747 425 801 25,
465 748 506 801 2,
545 748 571 789 2
613 749 895 790 contubernia
926 748 968 790 P
996 747 1287 790 contuicernia
1326 747 1372 789 V.

21 808 91 862 25,
125 808 162 860 7,
193 807 220 848 2
258 806 533 848 formidanda
570 806 612 848 P
644 807 900 849 firmidanda
938 808 984 849 V.
1017 807 1154 848 sciens
1187 806 1229 847 P
1256 806 1372 847 ciens

28 865 73 908 V.
122 865 191 919 25,
226 866 262 920 7,
295 865 320 906 9
354 868 618 919 oportunum
650 866 777 908 GAP
803 870 1037 921 port-unum
1077 866 1122 907 V.
1172 865 1241 919 25,
1273 865 1312 918 9,
1348 866 1370 905 1

22 939 73 966 ex
105 924 244 978 persis
276 923 319 965 P
347 927 390 965 et
420 925 559 978 persis
599 925 644 967 V.
682 926 750 980 25,
783 926 821 978 9,
857 926 910 967 10
943 925 1204 966 deditionem
1236 923 1278 965 P
1305 923 1372 964 dv-

21 983 186 1025 tionem
231 983 277 1025 V.
327 983 401 1037 26,
443 984 485 1038 1,
527 984 549 1024 1
590 984 777 1027 minutia
807 983 849 1025 P
876 985 1037 1026 inutias
1077 984 1123 1025 V.
1173 983 1242 1037 26,
1274 984 1312 1036 2,
1345 983 1371 1023 3

22 1041 281 1084 declarariP
296 1041 456 1083 declari
484 1042 529 1084 V.
549 1043 617 1097 26,
637 1044 676 1098 4,
700 1045 721 1084 1
742 1047 884 1085 rector
903 1043 946 1085 P
960 1043 1067 1085 haec
1087 1045 1156 1084 tor
1184 1042 1228 1084 V.
1249 1042 1317 1096 26,
1333 1042 1372 1093 5,

24 1102 75 1142 11
98 1101 344 1142 destinabat
364 1100 406 1142 P
420 1102 659 1143 testinabat
687 1102 743 1145 V1
763 1102 1000 1144 festinabat
1027 1099 1099 1145 V2.
1135 1101 1211 1155 26,
1231 1100 1276 1155 5,
1318 1099 1371 1142 15

22 1159 300 1214 squaliditate
332 1159 374 1201 P
402 1161 678 1214 squadilitate
719 1162 764 1204 V.
814 1161 883 1216 26,
918 1162 957 1216 6,
992 1160 1045 1202 16
1080 1159 1373 1201 conflictaren-

21 1222 93 1260 tur
130 1217 172 1260 P
206 1218 565 1260 confrictarentur
610 1220 655 1262 V.
712 1221 781 1273 26,
816 1222 852 1274 7,
888 1220 940 1261 12
973 1219 1205 1261 destitutus
1237 1217 1280 1259 P
1307 1218 1374 1259 de-

23 1279 164 1319 stutus
205 1277 250 1320 V.
313 1277 479 1327 Quibus
520 1278 628 1320 locis
662 1294 712 1320 ex
744 1279 911 1320 ultimis
944 1281 1116 1320 tantum
1147 1277 1273 1318 libris
1306 1277 1374 1318 de-

21 1336 235 1390 promptis
256 1337 402 1390 potius
431 1351 559 1391 quam
593 1338 764 1379 selectis
798 1338 906 1379 alios
941 1337 1184 1391 adiungam,
1217 1336 1373 1390 quibus

22 1409 130 1450 quae
159 1394 205 1435 in
237 1395 453 1437 Vfrustra
485 1400 750 1450 quaeruntur
782 1398 828 1438 in
860 1396 1039 1438 alterius
1077 1395 1228 1437 classis
1261 1395 1373 1436 codi-

24 1453 145 1495 cibus
178 1453 282 1496 solis
308 1454 599 1498 inueniimtur.
670 1456 736 1510 16,
772 1456 837 1510 12,
870 1456 925 1497 66
954 1454 1179 1496 **morbo
1209 1454 1250 1496 V
1273 1454 1373 1495 rim-

22 1512 160 1554 borbo
192 1512 242 1555 P.
292 1513 361 1567 22,
396 1513 462 1568 16,
493 1514 550 1555 24
583 1518 734 1569 coepto
769 1515 810 1557 V
835 1517 986 1568 coepto
1021 1517 1064 1555 et
1095 1513 1191 1555 dica
1205 1512 1254 1555 P.
1303 1513 1374 1566 23,

23 1572 61 1626 6,
94 1571 150 1612 62
181 1585 266 1613 uox
306 1572 385 1614 illa
416 1571 737 1628 γλακτοφάγων
780 1587 940 1628 magna
983 1573 1138 1615 lacuna
1175 1572 1374 1614 discindi-

20 1633 93 1671 tur
124 1630 170 1671 111
208 1630 250 1672 V
274 1645 356 1685 quo
390 1632 543 1673 mendo
577 1636 693 1674 caret
726 1633 814 1675 cod.
846 1632 1063 1674 Petrinus.

143 1688 260 1738 Quae
299 1704 397 1731 cum
434 1691 498 1732 ita
535 1691 621 1733 sint
660 1706 798 1746 neque
837 1691 980 1733 codice
1011 1691 1189 1732 Petrino
1234 1704 1372 1744 neque

24 1747 284 1790 editionibus
315 1763 423 1803 quae
457 1765 507 1791 ex
540 1751 734 1792 codicum
754 1751 1008 1792 mutilorum
1029 1750 1164 1791 classe
1185 1749 1374 1803 pendent

23 1806 196 1848 omnino
229 1822 372 1849 carere
410 1823 498 1850 non
528 1824 773 1863 possumus,
808 1813 1001 1851 attamen
1032 1810 1078 1851 111
1108 1809 1225 1850 hisce
1254 1808 1372 1849 notis

24 1865 194 1907 selectis
226 1867 301 1907 ubi
328 1868 460 1920 spatii
492 1869 706 1923 angustiis
737 1869 867 1910 nimis
899 1869 1203 1923 premebamur
1235 1867 1280 1908 in
1306 1881 1373 1908 ex-

26 1924 262 1966 scribendis
305 1925 564 1969 lectionibus
608 1928 887 1982 parcissimus
934 1942 1062 1981 eram,
1111 1926 1373 1980 ubicumque

22 1997 110 2024 non
141 1984 235 2025 sola
266 1984 412 2026 addita
442 1985 592 2028 littera
610 1986 679 2040 (P.
713 2001 745 2028 ν.
777 1987 811 2028 b.
832 1990 909 2028 etc.
912 1985 941 2043 ),
974 2001 1080 2041 quae
1104 1985 1373 2040 praeberent,

24 2042 269 2096 significare
300 2044 435 2097 potui.

141 2101 390 2144 Editionem
421 2104 660 2158 principem
693 2104 754 2158 (r)
775 2105 941 2146 ciuauit
960 2103 1157 2158 Angelus
1186 2101 1371 2145 Sabinus

22 2157 187 2202 Romae
208 2175 243 2202 a.
267 2161 380 2203 1474
412 2163 554 2204 codice
586 2161 736 2220 113113*)
754 2162 949 2217 Reginae
985 2163 1098 2205 1994
1118 2162 1211 2217 (R),
1244 2176 1370 2216 quem

22 2299 150 2380 uitat?
165 2299 219 2379 rolf·
245 2303 299 2343 17²
325 2303 356 2343 2
386 2305 401 2334 1
429 2301 624 2345 Opimitate
655 2300 798 2336 VGAP
824 2301 1135 2346 op<ortunitate>
1159 2300 1195 2335 R
1221 2300 1370 2344 oportu-

1113 2403 1162 2437 1)*
