1573 2508
122 76 205 118 332
629 73 750 108 XXIII
775 76 809 115 6,
832 75 966 109 56—64

125 169 283 210 infesta
316 171 547 222 antequam
579 166 847 208 circumsitos
879 165 1062 220 populos
1095 179 1240 206 omnes
1273 164 1326 206 ad
1345 163 1472 206 dicio-

125 242 223 269 nem
245 226 619 280 gentilitatemque
640 224 834 266 traheret
852 224 1038 265 nominis
1070 224 1148 277 sui,
1180 237 1307 278 quam
1326 236 1472 264 rexere

128 285 346 326 ueteribus
392 283 573 325 saeculis
620 283 750 324 etiam
795 283 946 324 Arsaci
996 281 1290 323 formidabiles
1339 293 1475 335 reges.

130 344 198 385 56.
231 344 320 384 eius
359 342 587 396 pleraeque
626 344 769 395 partes
813 341 876 382 ita
918 343 966 382 ut
996 339 1221 394 Margiana
1262 339 1411 394 procu]
1450 353 1477 381 a
1540 349 1573 388 »1

130 402 331 443 litoribus
365 404 464 442 sunt
482 400 736 454 disparatae,
768 400 840 440 sed
871 399 989 440 humi
1011 398 1279 453 gignentium
1300 397 1511 452 fertiles‚5
1572 390 1573 419 ³

129 466 171 500 et
211 474 352 514 pecus,
396 459 507 513 quod
552 458 641 499 illic
682 472 758 512 per
796 457 1052 512 campestria
1089 457 1185 499 loca
1214 456 1401 498 uescitur
1433 459 1477 497 et

127 521 349 571 montana,
400 517 602 558 membris
647 521 713 557 est
762 517 900 570 magis
951 516 1167 569 conpactis
1214 519 1259 556 et
1307 513 1476 568 ualidis,
1514 542 1517 544 -

129 583 175 618 ut
208 576 364 617 indicio
398 578 497 617 sunt
529 575 680 616 cameli
710 590 733 616 a
753 574 1006 616 Mithridate
1039 574 1189 615 exinde
1220 572 1414 627 perducti
1434 575 1478 614 et

127 635 328 689 primitus
360 635 405 675 in
438 634 660 675 obsidione
682 632 889 687 Cyzicena
916 633 997 674 uisi
1016 632 1235 674 Romanis.
1285 631 1354 673 57.
1377 643 1477 685 gen-

127 698 193 734 tes
225 693 360 734 isdem
393 692 635 734 Bactrianis
668 692 872 733 obediimt
902 691 1057 745 plures,
1089 706 1193 745 quas
1220 691 1478 744 exsuperant
1496 706 1530 732 ιο

132 751 328 805 Tochari,
362 754 404 792 et
424 751 476 792 ad
496 751 648 792 Italiae
682 751 864 804 speciem
888 750 1046 791 crebris
1079 749 1326 790 fluminibus
1358 748 1477 789 inun-

131 810 295 851 dantur.
358 824 379 851 e
413 810 566 864 quibus
594 809 784 850 Artamis
818 811 860 849 et
879 808 1104 862 Zariaspes
1137 811 1235 849 ante
1268 806 1351 847 sibi
1383 820 1479 848 con-

131 868 282 910 sociati
316 869 548 922 itidemque
570 867 711 909 Ochus
733 871 775 908 et
796 868 1091 921 Dargomanes
1123 865 1256 907 iuncti
1277 865 1478 906 conuenis

132 927 253 981 aquis
292 930 452 980 augent
494 927 685 967 inmania
723 926 805 968 Oxi
849 926 1020 967 fluenta.
1083 925 1150 967 58.
1190 926 1290 966 sunt
1326 926 1370 964 et
1407 923 1479 964 hic

134 986 344 1038 ciuitates,
378 1000 481 1039 quas
515 999 659 1026 amnes
692 985 849 1025 diuersi
886 984 1195 1038 perstringunt,
1232 982 1299 1023 his
1332 981 1478 1023 ceden-
1498 997 1531 1024 15

130 1047 195 1085 tes
228 1047 276 1084 ut
307 1043 577 1097 melioribus,
615 1042 928 1084 Chatracharta
965 1046 1008 1083 et
1039 1042 1243 1083 Alicodra
1280 1043 1323 1081 et
1353 1040 1478 1081 Asta-

131 1116 237 1143 cana
269 1104 311 1143 et
342 1101 542 1155 Menapia
580 1105 623 1142 et
661 1101 819 1142 Bactra
850 1101 961 1155 ipsa,
992 1101 1101 1141 mide
1132 1113 1312 1153 regnum
1339 1102 1382 1140 et
1408 1112 1479 1140 uo-

135 1160 333 1201 cabulum
364 1160 552 1201 nationis
585 1163 650 1201 est
681 1160 940 1201 institutum.

249 1219 318 1260 59.
351 1251 643 1260 .............
678 1219 754 1259 sub
783 1219 881 1259 imis
914 1218 1123 1259 montium
1149 1216 1340 1270 pedibuS‚
1371 1229 1478 1270 quos

133 1277 353 1331 appellant
374 1278 568 1331 Sogdi0s‚
600 1278 712 1318 inter
733 1291 837 1330 quos
871 1291 1016 1317 amnes
1036 1276 1118 1317 duo
1151 1275 1287 1316 fluunt
1304 1274 1479 1315 nauium
1498 1291 1532 1317 20

134 1336 402 1389 capacissimi
423 1337 635 1377 Araxates
657 1339 701 1376 et
720 1335 897 1389 DymaS,
922 1336 992 1388 (μα’
1010 1348 1087 1388 per
1124 1334 1226 1388 iuga
1256 1333 1478 1386 uallesque

133 1394 390 1448 praecipites
422 1395 466 1435 111
493 1396 773 1447 campestrem
806 1394 1029 1447 planitiem
1062 1392 1181 1433 fluuii
1207 1392 1478 1433 decurrentes

135 1453 287 1493 Oxiam
325 1453 495 1493 nomine
533 1453 730 1507 paludem
763 1453 953 1493 efficiunt
992 1452 1078 1493 late
1116 1451 1329 1504 longeque
1360 1448 1479 1490 diffu-

135 1525 238 1552 sam.
299 1511 370 1552 hic
402 1512 514 1552 inter
545 1511 631 1552 alia
664 1511 820 1565 oppida
852 1510 1118 1552 celebrantur
1145 1508 1406 1550 Alexandria
1437 1511 1480 1549 et

133 1568 399 1623 Cyreschata
431 1573 473 1611 et
505 1570 671 1623 Drepsa
702 1569 965 1623 metropolis.
1497 1582 1531 1608 25

251 1628 318 1669 60.
351 1627 432 1669 His
465 1628 658 1681 contigui
679 1632 779 1669 sunt
801 1626 931 1669 Sacae
951 1627 1070 1668 natio
1103 1628 1206 1680 fera,
1238 1625 1480 1680 squalentia

134 1686 325 1727 incolens
359 1687 452 1727 loca
480 1687 561 1728 soli
588 1687 731 1739 pecori
758 1686 988 1739 fructuosa,
1020 1685 1113 1726 ideo
1134 1699 1211 1725 nec
1230 1683 1478 1726 ciuitatibus

135 1744 261 1785 culta.
313 1746 377 1786 cui
400 1745 649 1786 Ascanimia
670 1759 790 1785 mons
824 1745 1005 1785 inminet
1037 1743 1344 1793 et-Cffljjedugs
1365 1765 1481 1806 prae-

228 1904 259 1949 2ι
273 1900 466 1936 traherent
493 1904 526 1935 (ι’
620 1907 637 1936 7
664 1904 782 1949 magis
808 1906 997 1955 conpactis
1025 1907 1159 1950 scripsi
1183 1907 1276 1949 (coll.
1301 1910 1358 1950 31,
1380 1910 1405 1943 2
1440 1910 1480 1952 2)

136 1954 280 1995 magnis
311 1947 533 1996 conpactum
560 1947 661 1982 codd.
756 1954 776 1983 9
803 1948 984 1993 Cyzicena
1014 1950 1094 1985 V²G
1126 1951 1245 1986 cizina
1281 1952 1324 1986 V¹
1356 1964 1378 1987 a

136 1999 253 2039 inanis
290 2001 359 2023 u1s1
386 1992 481 2041 ·(n1si
515 1992 546 2031 b)
584 1995 762 2036 transpos.
788 1994 831 2037 by
854 1995 915 2028 uei
940 1995 1100 2029 romanis
1130 1996 1163 2030 V
1259 2001 1386 2031 10—11
1419 2007 1479 2032 ex-

134 2043 171 2066 111
203 2033 394 2068 eranchari
420 2036 449 2069 ὣ
479 2035 546 2070 VP
570 2046 662 2071 arua
695 2037 809 2081 plana
844 2040 951 2073 arant
980 2041 1019 2073 et
1053 2040 1120 2082 bqa
1236 2045 1277 2075 12
1303 2041 1479 2076 zariasres

140 2076 172 2108 V
209 2078 228 2111 b
344 2082 384 2113 13
421 2079 674 2132 Dargamanes
705 2083 839 2128 scripsi
870 2084 970 2125 (coll.
1002 2077 1116 2123 Ptol.)
1148 2084 1377 2130 Orgomanes
1411 2085 1477 2121 VG

139 2125 178 2155 16
210 2121 478 2172 Chatracharta
507 2135 638 2168 scripsi
670 2126 799 2161 chatra
822 2133 859 2161 et
884 2128 1010 2162 charte
1035 2129 1137 2164 codd.
1232 2131 1415 2165 Astacana
1441 2131 1494 2165 et'

134 2164 311 2217 Menapia
334 2168 368 2201 Α
391 2169 487 2209 (coll.
513 2169 626 2209 Ptol.)
657 2172 803 2205 Astatia
828 2173 866 2206 et
889 2172 1078 2217 Menapila
1101 2175 1203 2208 codd.
1310 2179 1351 2210 19
1379 2175 1477 2210 lacu-

136 2221 220 2244 nam
259 2212 371 2246 mdzc.
411 2213 577 2248 Valesius
647 2219 684 2248 ‘21
720 2215 859 2259 Dymas
885 2217 916 2249 (ἶ
943 2217 1066 2251 dimae
1097 2218 1155 2262 Vss
1174 2219 1236 2262 qui
1266 2230 1333 2263 per
1359 2219 1476 2254 Gom.

140 2254 206 2289 VP
230 2266 297 2299 per
321 2256 365 2290 ba
458 2263 499 2291 ’.ἐ-,Ξ
532 2259 726 2302 planitiem
752 2261 818 2304 hya
843 2261 994 2305 planicii
1027 2261 1092 2297 VP
1183 2267 1226 2296 25
1253 2264 1478 2308 Cyreschata

135 2301 173 2333 et
197 2299 341 2351 Drepsa
372 2302 405 2334 A
433 2302 525 2345 (coll.
551 2303 662 2348 Ptol.)
687 2308 851 2339 cresc-ata
876 2308 915 2340 et
945 2308 1049 2341 areta
1073 2307 1154 2351 ipsa
1184 2307 1251 2342 VP
1341 2312 1382 2343 27
1408 2308 1477 2343 soli

134 2354 263 2389 scnpsc
288 2345 384 2380 solos
408 2347 510 2381 codd.
