1573 2508
116 71 171 114 68
631 67 697 102 xv
722 71 754 110 9,
784 70 902 110 1-1o‚
927 70 947 101 ι)

117 177 306 220 gressus,
357 163 571 204 lulianum
616 161 842 203 Caesarem
886 160 1164 214 conperisset,
1209 159 1467 202 exclamauit

117 225 230 267 1111110
261 223 437 264 deorum
469 220 632 274 templa
663 222 972 274 reparaturum.

236 282 281 323 9.
302 283 336 322 1.
352 280 534 321 Proinde
550 278 753 334 quoniam
767 302 822 307 —-
836 281 883 319 ut
896 277 1154 319 Mantuanus
1168 279 1288 319 uates
1302 275 1468 331 praedi—

116 342 182 384 xit
201 340 392 382 excelsus
417 362 472 367 -—-
492 337 642 379 ‘maius
657 351 763 391 opus
778 337 942 378 moueo'
958 336 1178 390 maiorque
1204 335 1311 377 mihi
1325 349 1468 377 rerum

117 400 308 442 nascitur
347 397 469 450 ordo,
514 396 755 438 Galliarum
794 398 956 437 tractus
997 398 1039 436 et
1078 395 1208 435 situm
1246 393 1467 436 ostendere
1487 403 1503 429 ⁵

119 462 222 512 puto
255 471 366 498 1111110
398 455 723 510 tempestiuum,
761 469 813 495 ne
851 455 963 496 inter
992 453 1238 508 procinctus
1271 452 1468 494 ardentes

118 516 466 572 proeliorumque
486 514 631 556 uarios
653 528 773 555 casus
794 513 946 567 ignota
967 511 1221 567 quibusdam
1242 510 1469 566 expediens

121 575 283 617 imitari
326 573 473 615 uidear
517 572 683 614 desides
733 572 945 622 nauticos,
995 571 1154 612 adtrita
1197 570 1332 612 lintea
1375 583 1469 611 cum

120 633 389 685 rudentibus,
435 646 542 686 quae
580 631 703 672 licuit
740 630 884 684 parari
922 629 1129 683 securius,
1168 629 1279 670 inter
1316 628 1469 670 fluctus

119 692 327 734 resarcire
360 694 531 732 coactos
564 693 607 730 et
637 691 928 743 tempestates.
979 688 1018 729 2.
1044 688 1312 742 ambigentes
1344 701 1471 741 super
1492 698 1524 722 ιθ

124 751 291 805 origine
335 750 474 803 prima
519 748 742 789 Gallorum
787 748 1017 801 scriptores
1062 749 1227 788 ueteres
1271 746 1471 788 notitiam

122 810 336 864 reliquere
374 807 538 862 negotii
572 807 870 860 semiplenam,
910 806 983 846 sed
1026 808 1177 859 postea
1214 804 1471 859 Timagenes

122 871 165 910 et
202 867 429 921 diligentia
469 866 655 907 (jn-aecus
695 868 739 906 et
782 865 929 919 lingua
972 864 1077 905 haec
1115 878 1223 918 quae
1261 864 1332 905 (1111
1374 867 1473 906 sunt

126 928 324 982 ignorata
358 925 537 978 collegit
568 939 617 965 ex
650 923 961 977 multiplicibus
995 923 1130 963 libris.
1195 923 1313 964 cuins
1346 922 1472 964 fidem

123 985 259 1027 secuti
297 984 560 1025 obscuritate
599 983 761 1024 dimota
805 982 951 1023 eadem
989 982 1189 1022 distincte
1226 981 1472 1022 docebimus
1493 992 1525 1017 1⁵

124 1047 167 1086 et
199 1046 357 1097 aperte.
420 1043 458 1083 3.
478 1041 741 1095 Aborigines
761 1041 922 1094 primos
950 1041 994 1081 111
1014 1040 1081 1082 his
1101 1039 1351 1094 regionibus
1385 1040 1474 1094 qui-

124 1104 221 1144 dam
255 1102 370 1142 uisos
403 1115 495 1142 esse
528 1100 764 1153 firmarunt,
796 1098 930 1140 Celtis
963 1099 1134 1140 nomine
1167 1098 1281 1152 regis
1314 1099 1474 1140 amabi-

126 1162 178 1203 lis
212 1165 256 1202 et
286 1160 436 1201 matris
470 1160 559 1200 eius
593 1158 802 1200 uocabulo
824 1157 1001 1199 Galatas
1035 1157 1170 1198 dictos
1191 1157 1329 1198 —ita
1360 1157 1473 1198 enim

124 1219 274 1261 Gallos
308 1232 448 1259 sermo
482 1217 670 1258 Graecus
704 1216 896 1271 appellat
917 1241 969 1246 -—
995 1215 1071 1257 alii
1103 1215 1334 1257 Dorienses
1368 1216 1474 1257 anti-

126 1279 319 1333 quiorem
364 1279 530 1318 secutos
574 1275 805 1317 Herculem
844 1275 991 1316 oceani
1040 1275 1158 1316 locos
1209 1274 1474 1316 inhabitasse
1494 1286 1527 1310 ει)

125 1337 323 1379 confines.
385 1336 424 1376 4.
456 1334 665 1376 Drasidae
695 1337 935 1375 memorant
960 1348 1005 1374 re
1035 1348 1137 1374 uera
1165 1333 1296 1374 fuisse
1326 1333 1472 1387 populi

122 1398 291 1450 partem
323 1394 582 1448 indigenam,
614 1394 687 1434 sed
720 1392 829 1434 alios
863 1406 1029 1446 quoque
1057 1392 1109 1433 ab
1131 1391 1282 1433 insulis
1303 1392 1472 1432 extimis

124 1453 379 1496 confluxisse
412 1456 454 1493 et
491 1452 698 1493 tractibus
737 1450 1079 1503 transrhenanis,
1118 1450 1348 1491 crebritate
1387 1450 1474 1491 bel-

124 1513 265 1554 lorum
299 1514 341 1552 et
373 1511 599 1552 adluuione
633 1510 787 1551 feruidi
810 1510 938 1551 maris
960 1509 1131 1550 sedibus
1153 1508 1240 1549 suis
1262 1509 1474 1562 expulsos.

123 1571 162 1613 5.
184 1571 305 1612 aiunt
326 1570 500 1624 quidam
519 1584 676 1623 paucos
706 1571 802 1622 post
822 1567 1034 1609 excidium
1055 1567 1211 1608 Troiae
1238 1566 1473 1621 fugitantes
1495 1579 1528 1604 εἴ»

125 1629 311 1671 Graecos
356 1629 513 1682 ubique
558 1629 772 1682 dispersos
818 1627 912 1667 loca
956 1626 1059 1667 haec
1102 1640 1330 1679 occupasse
1374 1629 1474 1667 tnnc

126 1701 271 1730 uacua.
322 1688 360 1728 6.
381 1687 606 1740 regionum
628 1689 770 1728 autem
791 1685 956 1726 incolae
978 1685 1019 1726 id
1035 1684 1173 1738 magis
1189 1684 1386 1726 omnibus
1407 1685 1476 1725 ad-

127 1748 339 1799 seuerant,
372 1746 483 1799 quod
505 1746 634 1786 etiam
655 1761 732 1785 nos
753 1744 937 1797 legimus
959 1744 1002 1784 in
1023 1742 1309 1797 monumentis
1330 1757 1475 1784 90111111

127 1805 328 1856 incisum,
367 1804 699 1858 Amphitryonis
739 1803 874 1844 lilium
906 1802 1135 1843 Herculem
1174 1801 1226 1842 ad
1265 1801 1475 1855 Geryonis

128 1866 172 1904 et
204 1863 399 1904 Taurisci
431 1863 621 1904 saenium
654 1865 934 1916 tyr-almorum
967 1860 1199 1914 perniciem
1237 1860 1476 1913 festinasse,
1495 1873 1529 1898 30

129 1935 310 1976 quorum
343 1922 452 1962 alter
484 1921 735 1974 Hispanias,
774 1921 884 1961 alter
917 1919 1083 1960 Gallias
1124 1919 1372 1960 infestabat:
1411 1934 1475 1960 su-

218 2097 238 2126 3
264 2092 364 2135 Vera.
383 2093 473 2127 Aen.
494 2093 732 2127 11'11-14-45.
803 2097 823 2126 4
849 2060 941 2135 (111115
966 2100 1098 2124 moneo
1124 2089 1242 2124 maius
1273 2088 1305 2123 V
1348 2094 1368 2124 5
1385 2090 1475 2124 ordo

137 2170 251 2214 V³bya
277 2170 322 2204 de
347 2168 472 2205 V¹l¹r.
521 2171 591 2204 *12
616 2172 748 2214 postea
766 2172 850 2213 (om.
873 2138 1131 2246 Eyssevzlae.{]1it
1154 2167 1336 2212 imagines
1359 2167 1392 2200 V
1411 2177 1475 2213 po-

131 2216 212 2250 stea
237 2217 276 2248 ut
308 2215 517 2259 timagenes
543 2216 578 2249 P
626 2220 665 2248 1:ss
691 2215 756 2248 dili
787 2215 908 2249 entius
938 2214 1004 2248 VP
1077 2223 1141 2247 aec
1176 2222 1243 2246 om.
1267 2212 1310 2256 by
1356 2216 1397 2248 15
1423 2211 1475 2246 di-

129 2260 266 2302 stinete
303 2259 330 2292 V
428 2263 466 2294 13
492 2260 545 2294 ita
570 2260 669 2294 enim
723 2259 814 2294 alos
844 2258 985 2294 VGAP
1008 2267 1074 2292 om.
1098 2257 1138 2292 rb
1230 2261 1273 2292 :33
1302 2258 1341 2292 et
1372 2257 1406 2292 G
1431 2269 1474 2293 ex

137 2303 249 2340 VPba
313 2309 355 2338 ‘23
380 2304 585 2349 fugitantes
619 2304 652 2338 G
677 2315 696 2338 e
745 2304 949 2347 fugitantes
986 2303 1095 2338 VPb«
1159 2304 1232 2336 *30
1257 2311 1410 2336 saeuum
1447 2302 1477 2336 V

129 2359 323 2384 saemnum
355 2349 390 2383 P
421 2359 618 2384 saeuorum
644 2349 710 2393 bya
