1614 2549
343 97 678 133 CONSTANTIVS
702 97 763 132 ET
788 98 1019 136 IVLIANVS
1044 104 1110 136 356
1324 101 1376 143 ’77

28 192 84 225 10.
112 189 324 225 Cmtstantii
357 184 453 233 Any.
489 189 667 225 militaris
830 191 1018 236 ‘qv-editum
1059 193 1111 228 Ta
1114 203 1148 228 es
1189 193 1379 227 Tabemms

118 246 163 270 ac
205 235 307 269 uelat
350 234 586 278 triumphales
624 235 668 270 in
828 237 1009 272 aduersus
1033 247 1089 272 eos
1111 241 1273 282 φερειν-,αἰ

119 279 241 314 umbem
263 278 419 314 Romam
442 279 638 324 iozyressus.
739 283 795 316 12.
826 281 932 316 Idem
956 282 1252 318 Alamamzorwm
1281 292 1380 327 weyes

29 327 84 359 11.
114 324 292 359 Iulianus
323 324 461 359 Caesar
488 324 666 360 Alamau-
833 326 996 361 Galliam
1048 328 1262 363 incubantes
1315 327 1380 362 ad·

117 379 183 404 ‘nos
211 369 254 403 in
276 369 412 403 insulis
434 368 575 414 Rheni,
598 380 667 414 quo
829 380 872 415 91
875 371 998 406 edetur
1022 376 1054 406 et
1083 373 1254 408 baa-hams
1277 373 1380 417 apud

117 425 154 450 se
184 417 217 448 et
246 424 313 449 sua
343 418 572 459 receperant,
603 415 667 450 ad·
830 417 1111 460 Argentoratum
1139 429 1216 453 acce
1240 418 1380 460 fundit.

150 532 190 574 1.
210 534 245 574 1.
260 533 378 575 Haec
393 548 471 587 per
490 535 639 576 orbem
659 534 902 576 Romanum
920 535 1110 577 fatorum
1124 538 1270 578 ordine
1286 551 1382 578 con-

30 596 146 634 texto
180 596 378 633 uersante
411 591 568 634 Caesar
604 594 714 647 apud
735 594 950 635 Viennam
982 595 1027 635 in
1058 596 1291 650 collegium
1321 595 1382 636 fa-

30 655 195 694 storum
240 666 265 691 a
309 652 482 693 consule
522 653 683 693 octiens
723 653 923 707 Augusto
969 654 1156 696 adscitus
1202 657 1382 709 urgente

0 739 1 760 ,
30 711 214 766 genuino
235 710 386 764 uigore
405 724 646 766 pugnarum
666 712 860 766 fragores
882 712 1113 767 caedesque
1133 714 1381 755 barbaricas

0 767 287 850 fsomniabat,
320 770 524 824 colligere
556 771 801 824 prouinciae
833 771 1078 825 fragmenta
1110 772 1194 813 iam
1215 786 1384 826 parans,

0 857 2 863 ι
31 829 69 870 si
100 827 306 870 adfuisset
337 828 443 869 flatu
475 830 647 870 tandem
689 831 884 871 secundo.
947 831 985 871 2.
1019 832 1118 884 quia
1150 832 1284 886 igitur
1315 845 1383 872 res

31 901 211 941 magnae
244 902 349 941 quas
380 902 458 941 per
478 887 642 929 Gallias
675 889 836 930 uirtute
869 889 1162 944 felicitateque
1190 890 1385 943 correxit,

31 946 179 987 multis
200 948 395 987 ueterum
426 947 553 988 factis
586 947 771 989 fortibus
804 951 1039 1002 praestant,
1072 949 1244 1003 singula
1276 948 1384 989 serie

31 1005 335 1060 progrediente
368 1007 631 1059 monstrabo,
663 1007 949 1048 instrumenta
981 1008 1128 1048 omnia
1158 1007 1384 1049 mediocris

6 1063 207 1119 ›ingenii,
239 1064 275 1105 si
307 1065 562 1118 suffecerint,
596 1070 897 1107 commoturus.
948 1066 986 1107 3.
1008 1066 1208 1121 quicquid
1242 1070 1386 1107 autem

30 1123 296 1177 narrabitur,
341 1124 455 1178 quod
492 1139 577 1165 non
622 1124 791 1165 falsitas
832 1129 985 1179 arguta
1024 1126 1268 1179 concinnat,
1314 1125 1386 1166 sed

31 1181 135 1223 fides
180 1182 350 1236 integra
387 1198 529 1224 rerum
575 1183 763 1224 absoluit
809 1184 1072 1225 documentis
1119 1185 1385 1225 euidentibus

31 1241 154 1295 fulta,
164 1241 216 1282 ad
230 1242 495 1282 laudatiuam
509 1257 642 1295 paene
655 1243 881 1283 materiam
894 1243 1140 1296 pertinebit.
1172 1245 1211 1285 4.
1220 1243 1388 1284 uidetur

33 1300 148 1341 enim
180 1301 248 1342 lex
276 1301 483 1354 quaedam
516 1301 630 1342 uitae
663 1301 854 1342 melioris
887 1301 999 1342 hunc
1031 1303 1228 1342 iuuenem
1260 1317 1284 1342 a
1315 1316 1388 1342 no-

34 1359 195 1401 bilibus
235 1360 353 1401 0111113
394 1360 446 1400 ad
483 1374 615 1413 usque
654 1360 856 1413 spiritum
889 1361 1093 1401 comitata
1131 1374 1387 1414 supremum.

34 1433 218 1472 namque
257 1419 532 1460 incrementis
570 1419 791 1460 uelocibus
830 1419 892 1460 ita
924 1419 1040 1460 domi
1072 1419 1261 1473 forisque
1294 1434 1389 1460 con—

34 1477 145 1518 luxit
175 1480 223 1519 ut
254 1477 481 1531 prudentia
505 1477 781 1531 [Vespasiani
813 1478 946 1529 filius]
970 1478 1094 1519 Titus
1128 1478 1238 1519 alter
1266 1478 1390 1519 aesti-

35 1539 238 1589 maretur,
275 1536 490 1578 bellorum
530 1537 734 1590 gloriosis
775 1537 969 1578 cursibus
1009 1536 1185 1578 Traiani
1224 1537 1390 1577 similli-

37 1609 143 1648 mus,
176 1596 361 1636 clemens
393 1600 441 1636 ut
467 1595 726 1649 Antoninus,
757 1599 899 1637 lectae
931 1596 1230 1662 perfectaeque
1262 1595 1390 1637 ratio-

12 1655 104 1695 ›nis
137 1654 338 1714 indagine
371 1667 610 1709 congruens
631 1653 790 1707 Marco,
823 1655 874 1696 ad
907 1655 1024 1695 cuius
1059 1654 1391 1696 aemulationem

38 1717 158 1755 actus
191 1728 290 1755 suos
324 1713 560 1768 effingebat
581 1716 622 1754 et
642 1728 794 1755 mores.
857 1714 894 1754 5
916 1716 958 1754 et
979 1714 1193 1768 quoniam,
1225 1715 1273 1755 ut
1293 1713 1392 1754 Tul-

37 1772 155 1814 liana
175 1772 298 1814 docet
330 1773 576 1826 auctoritas,
609 1773 800 1813 omnium
821 1786 1075 1826 magnarum
1096 1773 1253 1813 artium
1283 1772 1393 1813 sicut

39 1832 240 1872 arborum
274 1832 456 1873 altitudo
490 1846 568 1872 nos
601 1831 798 1883 delectat,
838 1831 1000 1872 radices
1034 1831 1274 1885 stirpesque
1306 1846 1391 1872 non

37 1889 154 1943 item,
187 1891 247 1931 sic
278 1891 524 1944 praeclarae
551 1890 676 1931 huius
710 1890 865 1931 indolis
892 1890 1133 1931 rudimenta
1165 1894 1267 1930 tunc
1287 1890 1393 1930 mul-

14 1949 96 1990 ›tis
139 1949 495 1991 obnubilantibus
536 1949 812 2003 tegebantur,
858 1962 992 2002 quae*
1011 1948 1213 1989 anteferri
1258 1948 1392 2002 gestis

41 2008 130 2049 eius
163 2011 313 2062 postea
345 2009 493 2050 multis
516 2012 556 2049 et
584 2008 705 2048 miris
737 2007 816 2048 hac
849 2007 1017 2048 ratione
1039 2005 1254 2060 deberent,
1282 2007 1394 2061 quod

41 2067 291 2109 adulescens.
306 2067 551 2121 primaeuus
571 2069 618 2108 ut
633 2066 900 2108 Erechtheus
923 2067 966 2106 in
987 2080 1154 2107 secessu
1174 2065 1394 2107 Mineruae

134 2258 148 2287 1
174 2253 337 2288 fatorum
363 2253 382 2288 b
407 2265 429 2288 a
452 2253 635 2287 factorum
673 2251 704 2284 V
795 2256 815 2286 5
851 2251 1047 2286 somnabat
1087 2251 1154 2286 VP
1260 2255 1300 2286 17
1332 2262 1395 2285 ue-

41 2298 223 2342 spassiani
247 2298 346 2333 filius
414 2297 551 2333 deleuit
575 2297 736 2341 W'ayner
788 2301 829 2332 21
857 2306 942 2331 suos
966 2306 1033 2332 om
1060 2296 1127 2341 bqa
1188 2300 1231 2330 22
1252 2295 1326 2330 Cic.
1354 2296 1398 2330 de

40 2343 280 2422 1{ilrat‘o‘rsslell
311 2347 355 2378 46
448 2347 491 2377 24
516 2342 789 2378 r*u**dimenta
830 2341 862 2375 V
928 2345 971 2377 Ξῖ
990 2341 1212 2376 Erichtheus
1240 2340 1274 2375 G
1299 2351 1397 2375 erec-

87 2398 151 2422 eus
195 2396 203 2407 s
