1573 2508
1235 0 1257 6 —-
1481 0 1488 3 ·
1536 0 1554 21 ,Ἴ

205 28 258 69 14
718 37 823 74 xmt
847 45 879 84 4,
906 45 1004 87 2—5‚
1031 49 1051 81 e

207 128 440 166 morantur.
482 126 520 166 2.
542 142 670 182 super
683 145 862 185 quorum
877 137 1070 180 moribus
1085 140 1186 184 licet
1198 143 1243 185 in
1256 146 1424 190 actibus
1436 151 1552 204 prin-

203 179 308 233 cipis
355 181 489 224 Marci
528 189 570 226 et
612 192 765 240 postea
802 191 1063 247 aliquotiens
1101 202 1278 244 memini
1315 207 1549 265 rettulisse,

199 243 342 279 tamen
375 255 484 282 inme
506 257 672 299 quoque
703 261 839 300 pauca
860 251 910 292 de
942 253 1078 297 isdem
1099 261 1321 313 expediam
1351 267 1545 320 carptim.

197 296 235 335 3.
251 298 361 349 apud
375 298 453 340 has
468 305 632 357 gentes,
647 319 826 358 quarum
847 311 1070 355 exordiens
1090 316 1337 362 initium-ab
1351 322 1545 380 Assyriis

196 353 247 394 ad
267 354 362 397 Nili
393 362 632 402 cataractas
665 366 901 420 porrigitur
933 374 975 411 et
1004 374 1188 417 confinia
1207 377 1542 440 Blemmyarum,

194 426 341 455 omnes
378 416 473 469 pari
511 424 626 460 sorte
671 426 770 464 sunt
814 425 1048 471 bellatores
1087 435 1298 479 seminudi
1335 440 1541 486 coloratis

192 471 356 524 sagulis
389 475 500 528 pube
533 481 655 520 tenus
689 482 847 536 amicti,
888 500 1092 540 equorum
1125 493 1372 539 adiumento
1402 503 1542 554 pemi-

190 528 301 570 cium
334 533 643 590 graciliimique
665 541 923 585 camelorum
945 560 1020 599 per
1039 548 1209 593 diuersa
1238 567 1279 596 se
1303 559 1539 616 raptantes,

188 586 233 627 in
263 591 511 644 tranquillis
545 595 612 635 uel
645 598 826 640 turbidis
859 602 1005 645 rebus:
1036 621 1114 649 nec
1144 624 1289 654 eorum
1310 615 1537 672 quisquam

187 645 417 700 aliquando
456 651 614 694 stiuam
652 655 932 709 adprehendit
970 664 1036 704 uel
1083 667 1282 712 arborem
1318 674 1422 716 colit
1459 681 1536 720 aut

185 718 288 745 arua
327 707 562 762 subigendo
602 715 818 766 quaeritat
857 719 1030 775 uictum,
1069 725 1141 766 sed
1181 733 1326 772 errant
1366 747 1534 789 semper

175 775 252 812 per
271 765 412 816 spatia
446 767 572 822 longe
605 770 775 826 lateque
795 775 984 820 distenta
1005 781 1096 823 sine
1117 784 1207 827 lare
1235 788 1326 830 sine
1359 792 1530 836 sedibus

181 820 277 861 fixis
311 827 385 864 aut
423 824 608 879 legibus:
649 844 725 872 nee
765 833 875 875 idem
913 839 1134 890 perferunt
1165 844 1325 889 diutius
1364 850 1530 895 caelum

180 882 254 919 aut
279 882 441 923 tractus
470 886 592 927 unius
620 889 701 930 soli
728 890 815 932 illis
842 908 1044 950 umquam
1069 901 1223 954 placet.
1273 906 1312 947 4.
1344 908 1436 951 uita
1462 915 1528 953 est

177 935 266 978 illis
299 954 466 994 semper
498 944 541 984 in
574 945 676 1000 fuga
701 963 937 1006 uxoresque
970 962 1256 1004 mercenariae
1294 966 1550 1013 conductae:

176 995 228 1035 ad
259 999 427 1052 tempus
461 1016 510 1042 ex
549 1009 674 1056 pacto
708 1011 847 1063 atque,
880 1015 928 1053 ut
966 1015 1023 1056 sit
1055 1020 1215 1072 speeies
1247 1025 1525 1082 matrimonii,

173 1052 287 1095 dotis
318 1059 490 1100 nomine
523 1062 667 1104 futura
700 1067 882 1110 coniunx
916 1070 1087 1117 hastam
1119 1081 1162 1119 et
1199 1080 1523 1128 tabernaculum

173 1111 298 1154 offert
330 1117 500 1171 marito,
531 1124 630 1172 post
663 1126 823 1167 statum
855 1128 968 1171 diem
1007 1133 1044 1174 si
1081 1135 1123 1176 id
1157 1137 1336 1193 elegerit
1367 1142 1522 1186 disces-

172 1184 282 1223 sura,
315 1176 357 1214 et
376 1174 627 1220 incredibile
654 1185 721 1223 est
741 1198 823 1237 quo
846 1187 995 1230 ardore
1015 1194 1126 1246 apud
1147 1210 1219 1238 eos
1252 1198 1296 1240 in
1321 1215 1520 1246 uenerem

169 1230 348 1284 uterque
370 1233 552 1277 soluitur
565 1252 702 1280 sexus.
753 1243 790 1283 ἶ).
812 1244 872 1286 ita
894 1251 1037 1290 autem
1059 1255 1197 1306 quoad
1212 1257 1410 1314 uixerint,
1429 1261 1517 1304 late
1535 1280 1550 1306 s

167 1287 386 1343 palantur,
430 1297 477 1333 ut
518 1295 623 1337 alibi
655 1300 808 1341 mulier
843 1305 991 1360 nubat,
1035 1309 1080 1351 in
1117 1311 1211 1354 loco
1249 1317 1392 1369 pariat
1428 1320 1516 1363 alio

166 1344 408 1402 liberosque
446 1354 593 1405 procul
633 1356 783 1400 educat
823 1363 944 1404 nulla
982 1369 1105 1421 eopia
1143 1372 1387 1425 quiescendi
1423 1393 1516 1432 per-

164 1404 306 1446 missa.
357 1408 394 1449 6.
417 1410 554 1452 uictus
570 1414 778 1458 imiuersis
800 1433 898 1461 caro
914 1422 1051 1466 ferina
1071 1431 1136 1469 est
1155 1429 1366 1488 laetisque
1383 1436 1514 1479 abun-

162 1461 266 1503 dans
301 1467 423 1519 copia
456 1483 538 1522 qua
570 1477 878 1531 sustentantur,
910 1485 952 1522 et
984 1483 1142 1528 herbae
1173 1490 1436 1546 multiplices
1469 1499 1513 1538 et

161 1520 308 1574 siquae
342 1525 466 1567 alites
499 1530 592 1583 capi
624 1546 700 1584 per
732 1538 958 1590 aucupium
990 1545 1171 1599 possint,
1203 1551 1246 1589 et
1282 1550 1544 1609 plerosque2

159 1592 236 1619 nos
270 1582 454 1625 uidimus
487 1586 689 1632 frumenti
711 1608 833 1634 usum
855 1600 897 1637 et
922 1599 1010 1641 uini
1043 1604 1212 1655 penitus
1245 1608 1508 1663 ignorantes.

278 1640 313 1681 7.
333 1640 552 1686 Hactenus
573 1647 623 1688 de
643 1651 817 1693 natione
838 1658 1088 1707 perniciosa.
1138 1678 1248 1707 nune
1269 1667 1321 1709 ad
1341 1671 1507 1714 textum

156 1699 426 1750 propositum
459 1709 735 1750 reuertamur.

273 1755 314 1798 5.
340 1760 374 1799 1.
396 1759 508 1802 Dim]
529 1762 633 1806 haec
655 1767 699 1808 in
719 1769 883 1812 oriente
905 1780 1101 1831 agimtur,
1122 1780 1300 1825 Arelate
1319 1785 1504 1831 hiemem
1536 1819 1542 1850 ι·

153 1825 285 1864 agens
319 1815 597 1863 Constantius
635 1829 734 1878 post
771 1828 998 1874 theatralis
1033 1835 1154 1879 ludos
1188 1844 1316 1896 atque
1348 1845 1546 1894 circen-a·

151 1886 217 1911 ses
251 1875 482 1920 ambitioso
516 1880 652 1923 editos
686 1892 895 1940 apparatu
916 1891 1027 1934 diem
1061 1901 1228 1940 sextum
1260 1901 1353 1944 idus
1375 1903 1502 1948 Oct-0-

150 1928 258 1984 bres,
292 1934 363 1986 qui
398 1935 566 1990 imperii
600 1941 688 1983 eius
722 1959 879 1988 annum
912 1951 1204 1998 tricensimum
1225 1961 1500 2019 terminabat,
1534 2022 1537 2028 ¹

235 2077 254 2106 2
281 2077 432 2111 memini
460 2082 645 2119 rettulisse
670 2088 802 2131 scripsi
826 2093 1040 2130 meminerit
1063 2097 1190 2136 tulisse
1220 2101 1288 2137 VP
1338 2109 1359 2140 ὃ
1383 2108 1494 2142 corri—

171 2116 245 2150 itur
284 2119 363 2154 V'P
454 2132 474 2159 ὅ
506 2137 543 2160 se
580 2139 620 2162 ra
635 2131 771 2167 itantes
806 2137 938 2180 scripsi
974 2150 1014 2175 re
1045 2143 1165 2178 tantes
1196 2147 1298 2183 codd.
1321 2150 1494 2194 palantes
1532 2157 1533 2162 ’

183 2162 382 2199 ellerbauer
442 2173 480 2202 12
506 2182 573 2214 per
616 2190 632 2205 r
657 2185 722 2209 om.
750 2179 852 2215 codd.
920 2186 960 2217 14
984 2152 1052 2219 εοῖἰ
1076 2187 1096 2222 b
1119 2199 1143 2222 α
1167 2190 1221 2224 sol
1251 2190 1284 2226 V
1328 2198 1370 2230 18
1407 2199 1494 2241 post
1527 2228 1530 2237 λ

141 2206 278 2241 statum
305 2209 372 2253 bqa
402 2215 629 2256 potestatum
669 2219 735 2255 VI’
829 2229 869 2258 19
903 2226 1071 2265 inuenire
1132 2233 1169 2267 P
1260 2239 1303 2271 22
1327 2237 1491 2277 deducat
1523 2246 1531 2278 θ’

145 2248 213 2284 VI’
236 2252 302 2296 bya
395 2257 609 2300 quiescendi
635 2264 671 2297 P
695 2265 761 2310 hya
797 2271 1012 2312 quesciendi
1043 2275 1077 2309 V
1165 2283 1208 2314 ‘29
1231 2279 1398 2319 harelate
1420 2284 1490 2322 VP

140 2294 206 2329 *31
235 2296 334 2332 diem
360 2303 503 2337 sextum
530 2305 606 2350 Iussa.
636 2307 695 2343 die
721 2314 866 2348 sextum
897 2314 966 2351 VP
1512 2379 1529 2508 ἶ
