1614 2549
337 78 675 115 CONSTANTIVS
699 77 760 112 ET
783 77 1016 113 IVLIANVS
1040 82 1104 113 357
1336 80 1412 120 111

65 175 274 217 inflabant
306 188 357 215 ex
388 188 468 214 usu
498 173 804 227 imperatorem
837 175 987 227 suopte
1025 172 1199 226 ingenio
1231 172 1417 214 nimium·

67 233 266 290 quicquid
297 247 373 286 per
393 246 566 273 omnem
585 234 725 273 terrae
753 231 963 273 ambitum
983 231 1195 286 agebatur
1214 230 1413 272 felicibus

63 293 161 342 ,eius
176 290 378 346 auspiciis
405 291 694 345 adsignantes.
727 290 795 332 69.
816 291 1014 345 quocirca
1039 289 1417 344 magniloquentia

66 352 204 394 elatus
248 350 520 392 adulatorum
563 352 665 391 tunc
709 353 752 390 et
794 349 944 390 deinde
983 349 1133 390 edictis
1178 348 1413 403 propositis

29 428 46 454 5
66 411 324 465 adroganter
363 409 469 450 satis
507 408 646 449 multa
683 407 990 461 mentiebatur,
1035 422 1078 448 se
1118 409 1276 461 solum,
1318 422 1414 449 cum

65 469 200 524 gestis
237 483 325 510 non
364 467 587 521 adfuisset,
627 469 669 508 et
706 466 931 507 dimicasse
965 469 1008 507 et
1038 467 1196 508 uicisse
1236 469 1279 507 et
1318 481 1413 520 sup-

26 547 41 559 ’-
56 527 198 582 =plices
229 540 354 582 reges
387 526 582 581 gentium
615 525 800 567 erexisse
834 524 1094 579 aliquotiens
1129 525 1338 578 scribens,
1372 527 1415 566 et

66 588 102 628 si
133 587 255 629 uerbi
297 586 438 640 gratia
469 599 518 626 eo
553 587 705 639 agente
744 587 846 626 tunc
879 584 924 625 in
961 584 1092 625 Italia
1124 584 1208 625 dux
1241 583 1414 637 quidam

66 647 227 701 egisset
258 644 431 686 fortiter
463 647 613 685 contra
644 643 811 697 Persas,
842 643 963 685 nulla
983 642 1074 684 eius
1094 642 1313 684 mentione
1339 656 1414 696 per

0 724 46 749 ἰο
65 707 231 747 textum
269 703 573 758 longissimum
610 702 724 744 facta
761 702 977 744 laureatas
1016 702 1186 743 litteras
1225 701 1278 742 ad
1320 714 1415 754 pro-

0 784 1 787 *
64 764 302 806 uinciarum
323 763 478 804 damna
497 761 712 815 mittebat,
745 776 788 802 se
821 762 934 803 inter
964 761 1175 815 primores
1195 762 1415 801 uersatum

66 838 162 865 cum
182 822 331 864 odiosa
351 822 417 863 sui
436 821 668 863 iactatione
690 820 949 874 significans.
979 820 1044 861 70.
1065 822 1215 860 extant
1235 818 1414 871 denique

0 880 1 901 ³
67 883 156 923 eius
201 881 340 923 edicta
384 881 429 921 in
477 879 704 921 tabulariis
756 879 962 933 principis
1012 878 1197 932 publicis
1243 876 1417 918 condita.

66 973 286 983 ..........
318 940 459 981 delata
491 938 693 980 narrandi
726 937 1042 992 extollendique
1076 939 1213 978 semet
1250 936 1295 976 in
1327 949 1418 976 cae—

13 1019 47 1043 15
66 1001 170 1042 111111.
202 1000 254 1041 ab
275 998 571 1052 Argentorato
593 1011 688 1038 cum
709 999 974 1051 pugnaretur
993 995 1216 1037 mansione
1238 993 1418 1048 quadra-

67 1059 233 1114 gesima
252 1058 507 1112 disparatus,
538 1056 782 1097 describens
808 1055 1021 1109 proelium
1041 1054 1178 1096 aciem
1198 1053 1416 1095 ordinasse

67 1121 111 1160 et
143 1117 315 1160 stetisse
353 1116 466 1157 inter
500 1114 729 1169 signiferos
763 1118 806 1155 et
837 1114 1047 1155 barbaros
1084 1113 1259 1167 fugasse
1296 1125 1417 1165 prae-

68 1177 219 1231 cipites
252 1176 418 1230 sibique
451 1174 646 1216 oblatum
678 1173 789 1214 falso
829 1173 991 1214 indicat
1023 1169 1416 1213 Chonodomarium

69 1261 123 1266 —
162 1249 239 1290 pro
283 1249 428 1276 rerum
471 1232 708 1286 indignitas
749 1256 802 1261 —
844 1246 970 1285 super
1008 1230 1167 1272 luliani
1211 1228 1416 1283 gloriosis

13 1312 48 1337 20
70 1295 236 1337 actibus
270 1293 576 1344 conticescens,
616 1305 721 1345 quos
756 1291 986 1344 sepelierat
1017 1290 1188 1344 penitus
1219 1288 1265 1328 ni
1301 1287 1418 1328 fama

67 1369 135 1395 res
179 1353 389 1394 maximas
433 1351 503 1392 uel
544 1349 904 1391 obumbrantibus
945 1348 1145 1403 plurimis
1185 1347 1310 1388 silere
1349 1359 1419 1386 ne-

69 1413 209 1454 sciret.

567 1537 744 1580 LIBER
777 1536 916 1578 XVII.

105 1636 136 1667 1.
161 1631 338 1666 Iulianus
394 1631 494 1667 Caes.
546 1632 706 1666 transito
868 1629 978 1663 liscus
994 1627 1131 1662 Romae
1154 1626 1195 1660 in
1215 1625 1320 1660 Circo
1337 1627 1421 1659 Μα-

157 1675 285 1711 Rheno
296 1675 590 1710 Alamannorum
607 1677 706 1711 uicos
868 1673 967 1708 mimo
1001 1672 1187 1707 subrectus
1229 1670 1421 1705 constitui-

160 1721 293 1765 diripit
311 1720 542 1755 etincendit:
558 1721 611 1755 ibi
626 1732 705 1756 mu·
869 1722 948 1753 tur:
979 1721 1011 1752 et
1043 1717 1087 1751 de
1117 1716 1279 1750 obeliscis
1309 1725 1352 1750 ac
1377 1714 1421 1749 dc

157 1766 361 1801 nimentum
398 1765 556 1799 Traiani
602 1776 705 1809 repa-
869 1763 966 1797 notis
988 1761 1281 1807 hieroglyphieis.

158 1814 230 1853 rat,
250 1814 281 1845 et
298 1809 522 1845 decimestres
538 1810 707 1845 indutias
807 1814 838 1845 5.
869 1807 1108 1842 Constantius
1124 1809 1219 1851 Any.
1246 1809 1279 1840 et
1302 1804 1424 1848 Sapor

159 1855 323 1891 barbaris
348 1855 521 1890 concedit.
870 1854 1072 1887 Persarum
1101 1863 1166 1887 rex
1196 1851 1341 1893 frustra
1377 1849 1421 1883 cle

99 1903 133 1935 2.
158 1900 326 1935 Francos
375 1899 613 1935 Germaniam
660 1900 711 1934 II
866 1908 958 1942 pace
976 1907 1045 1940 per
1070 1897 1212 1932 litteras
1229 1899 1262 1930 et
1286 1895 1422 1939 leqatos

158 1948 346 1981 uastantes
393 1944 530 1979 obsidet
577 1948 609 1979 et
656 1945 707 1979 acl
873 1945 997 1987 ayunt.

160 1990 380 2025 deditionem
404 1989 500 2032 fame
517 1989 706 2033 compellit.
811 1991 843 2023 6.
867 1987 1049 2030 Iuthunyt
1071 1997 1155 2030 qens
1171 1984 1423 2019 Alamannica

97 2039 129 2071 3.
158 2035 285 2070 Gallos
327 2034 476 2069 tributis
523 2043 709 2078 oppressos
872 2033 913 2066 in
942 2031 1107 2074 Raetiis,
1145 2041 1235 2075 quas
1267 2029 1422 2074 popula-

160 2080 284 2115 l'euare
308 2082 473 2114 conatur.
873 2077 1021 2118 bantur,
1055 2087 1075 2110 α
1109 2075 1288 2111 Romanis
1326 2074 1423 2109 caesi

99 2128 130 2160 4.
161 2125 372 2160 Constantii
387 2125 484 2169 Any.
506 2125 609 2159 iussu
635 2124 709 2158 obc-
873 2121 1077 2167 fuyatique.

161 2282 181 2312 3
207 2276 447 2321 adsignantes
465 2276 531 2310 lae.
550 2279 569 2309 5
588 2275 658 2309 litt.
678 2275 735 2314 (10
753 2274 822 2308 litt.
842 2274 891 2316 P)
915 2273 981 2307 VP
1036 2276 1076 2307 11
1103 2271 1240 2306 damna
1262 2270 1295 2304 V
1318 2270 1425 2313 signa

73 2323 140 2367 bqa
188 2327 228 2357 13
254 2321 356 2356 dicta
384 2319 452 2354 VP
498 2319 690 2364 principiis
714 2319 747 2352 V
791 2318 900 2354 condi
919 2318 998 2362 [Iac.
1020 2322 1061 2353 34
1079 2316 1167 2362 litt]
1188 2316 1221 2350 V
1273 2319 1313 2350 18
1339 2314 1423 2348 cho-

74 2366 332 2401 nodomarium
357 2366 392 2400 P
418 2364 724 2399 chnodomarium
755 2363 788 2398 V
