<?xml version="1.0" encoding="UTF-8"?>
<!DOCTYPE html PUBLIC "-//W3C//DTD XHTML 1.0 Transitional//EN"
    "http://www.w3.org/TR/xhtml1/DTD/xhtml1-transitional.dtd">
<html xmlns="http://www.w3.org/1999/xhtml" xml:lang="en" lang="en">
 <head>
  <title>
</title>
<meta http-equiv="Content-Type" content="text/html;charset=utf-8" />
  <meta name='ocr-system' content='tesseract 3.04.00' />
  <meta name='ocr-capabilities' content='ocr_page ocr_carea ocr_par ocr_line ocrx_word'/>
</head>
<body>
  <div class='ocr_page' id='page_1' title='image "./rerumgestarumlib01ammiuoft_0247.png"; bbox 0 0 1614 2549; ppageno 0'>
   <div class='ocr_carea' id='block_1_1' title="bbox 76 436 92 461">
    <p class='ocr_par' dir='ltr' id='par_1_1' title="bbox 76 436 92 461">
     <span class='ocr_line' id='line_1_1' title="bbox 76 436 92 461; baseline 0 0"><span class='ocrx_word' id='word_1_1' title='bbox 76 436 92 461; x_wconf 90' lang='lat'>5</span> 
     </span>
    </p>
   </div>
   <div class='ocr_carea' id='block_1_2' title="bbox 60 731 93 756">
    <p class='ocr_par' dir='ltr' id='par_1_2' title="bbox 60 731 93 756">
     <span class='ocr_line' id='line_1_2' title="bbox 60 731 93 756; baseline 0.03 -1"><span class='ocrx_word' id='word_1_2' title='bbox 60 731 93 756; x_wconf 91' lang='lat'><strong>10</strong></span> 
     </span>
    </p>
   </div>
   <div class='ocr_carea' id='block_1_3' title="bbox 60 1024 92 1049">
    <p class='ocr_par' dir='ltr' id='par_1_3' title="bbox 60 1024 92 1049">
     <span class='ocr_line' id='line_1_3' title="bbox 60 1024 92 1049; baseline 0 0"><span class='ocrx_word' id='word_1_3' title='bbox 60 1024 92 1049; x_wconf 86' lang='lat'><strong>15</strong></span> 
     </span>
    </p>
   </div>
   <div class='ocr_carea' id='block_1_4' title="bbox 58 1318 93 1343">
    <p class='ocr_par' dir='ltr' id='par_1_4' title="bbox 58 1318 93 1343">
     <span class='ocr_line' id='line_1_4' title="bbox 58 1318 93 1343; baseline 0 0"><span class='ocrx_word' id='word_1_4' title='bbox 58 1318 93 1343; x_wconf 81' lang='lat'><strong>20</strong></span> 
     </span>
    </p>
   </div>
   <div class='ocr_carea' id='block_1_5' title="bbox 0 1887 95 1932">
    <p class='ocr_par' dir='ltr' id='par_1_5' title="bbox 0 1887 95 1932">
     <span class='ocr_line' id='line_1_5' title="bbox 0 1887 95 1932; baseline 0.042 -4"><span class='ocrx_word' id='word_1_5' title='bbox 0 1887 95 1932; x_wconf 55' lang='lat' dir='ltr'><strong>l30</strong></span> 
     </span>
    </p>
   </div>
   <div class='ocr_carea' id='block_1_6' title="bbox 407 88 1457 130">
    <p class='ocr_par' dir='ltr' id='par_1_6' title="bbox 407 88 1457 130">
     <span class='ocr_line' id='line_1_6' title="bbox 407 88 1457 130; baseline -0.006 -2"><span class='ocrx_word' id='word_1_6' title='bbox 407 89 746 128; x_wconf 83' lang='lat' dir='ltr'>CONSTANTIVS</span> <span class='ocrx_word' id='word_1_7' title='bbox 772 89 834 125; x_wconf 88' lang='lat' dir='ltr'><strong>ET</strong></span> <span class='ocrx_word' id='word_1_8' title='bbox 859 88 1089 125; x_wconf 86' lang='lat' dir='ltr'><strong>IVLIANVS</strong></span> <span class='ocrx_word' id='word_1_9' title='bbox 1107 93 1172 124; x_wconf 82' lang='lat'><strong>359</strong></span> <span class='ocrx_word' id='word_1_10' title='bbox 1379 89 1457 130; x_wconf 76' lang='grc'><strong>187</strong></span> 
     </span>
    </p>
   </div>
   <div class='ocr_carea' id='block_1_7' title="bbox 110 182 1464 1592">
    <p class='ocr_par' dir='ltr' id='par_1_7' title="bbox 112 182 1459 359">
     <span class='ocr_line' id='line_1_7' title="bbox 112 182 1459 238; baseline -0.004 -9"><span class='ocrx_word' id='word_1_11' title='bbox 112 188 210 230; x_wconf 88' lang='lat' dir='ltr'><strong>lidis</strong></span> <span class='ocrx_word' id='word_1_12' title='bbox 243 186 486 228; x_wconf 86' lang='lat' dir='ltr'><strong>sufficiebat</strong></span> <span class='ocrx_word' id='word_1_13' title='bbox 516 186 562 226; x_wconf 91' lang='lat' dir='ltr'><strong>in</strong></span> <span class='ocrx_word' id='word_1_14' title='bbox 592 186 745 226; x_wconf 87' lang='lat' dir='ltr'><strong>cuncta</strong></span> <span class='ocrx_word' id='word_1_15' title='bbox 775 198 884 238; x_wconf 87' lang='lat' dir='ltr'><strong>quae</strong></span> <span class='ocrx_word' id='word_1_16' title='bbox 917 184 1165 237; x_wconf 88' lang='lat' dir='ltr'><strong>conabatur,</strong></span> <span class='ocrx_word' id='word_1_17' title='bbox 1201 182 1271 224; x_wconf 90' lang='lat' dir='ltr'><strong>hic</strong></span> <span class='ocrx_word' id='word_1_18' title='bbox 1302 186 1459 224; x_wconf 87' lang='lat' dir='ltr'><strong>natura</strong></span> 
     </span>
     <span class='ocr_line' id='line_1_8' title="bbox 112 241 1458 300; baseline -0.004 -12"><span class='ocrx_word' id='word_1_19' title='bbox 112 246 362 300; x_wconf 79' lang='lat' dir='ltr'><strong>simplicior,</strong></span> <span class='ocrx_word' id='word_1_20' title='bbox 391 244 579 286; x_wconf 89' lang='lat' dir='ltr'><strong>nominis</strong></span> <span class='ocrx_word' id='word_1_21' title='bbox 612 246 759 285; x_wconf 89' lang='lat' dir='ltr'><strong>tamen</strong></span> <span class='ocrx_word' id='word_1_22' title='bbox 788 242 939 284; x_wconf 90' lang='lat' dir='ltr'><strong>itidem</strong></span> <span class='ocrx_word' id='word_1_23' title='bbox 969 241 1229 296; x_wconf 86' lang='lat' dir='ltr'><strong>peruulgati.</strong></span> <span class='ocrx_word' id='word_1_24' title='bbox 1279 244 1323 282; x_wconf 92' lang='lat' dir='ltr'><strong>et</strong></span> <span class='ocrx_word' id='word_1_25' title='bbox 1353 241 1458 282; x_wconf 88' lang='lat' dir='ltr'><strong>haec</strong></span> 
     </span>
     <span class='ocr_line' id='line_1_9' title="bbox 114 302 1028 359; baseline -0.005 -13"><span class='ocrx_word' id='word_1_26' title='bbox 114 305 284 359; x_wconf 90' lang='lat' dir='ltr'><strong>quidem</strong></span> <span class='ocrx_word' id='word_1_27' title='bbox 316 303 423 345; x_wconf 85' lang='lat' dir='ltr'><strong>haut</strong></span> <span class='ocrx_word' id='word_1_28' title='bbox 454 303 526 344; x_wconf 88' lang='lat' dir='ltr'><strong>diu</strong></span> <span class='ocrx_word' id='word_1_29' title='bbox 556 305 710 357; x_wconf 86' lang='lat' dir='ltr'><strong>postea</strong></span> <span class='ocrx_word' id='word_1_30' title='bbox 742 302 1028 356; x_wconf 87' lang='lat' dir='ltr'><strong>contigerunt.</strong></span> 
     </span>
    </p>

    <p class='ocr_par' dir='ltr' id='par_1_8' title="bbox 110 359 1463 1344">
     <span class='ocr_line' id='line_1_10' title="bbox 229 359 1459 413; baseline -0.004 -9"><span class='ocrx_word' id='word_1_31' title='bbox 229 363 268 403; x_wconf 87' lang='lat'><strong>9.</strong></span> <span class='ocrx_word' id='word_1_32' title='bbox 299 362 393 403; x_wconf 80' lang='lat' dir='ltr'><strong>Rex</strong></span> <span class='ocrx_word' id='word_1_33' title='bbox 434 376 537 403; x_wconf 90' lang='lat' dir='ltr'><strong>uero</strong></span> <span class='ocrx_word' id='word_1_34' title='bbox 582 361 684 402; x_wconf 88' lang='lat' dir='ltr'><strong>licet</strong></span> <span class='ocrx_word' id='word_1_35' title='bbox 727 361 1003 402; x_wconf 71' lang='lat' dir='ltr'><strong>securitatem</strong></span> <span class='ocrx_word' id='word_1_36' title='bbox 1046 359 1292 413; x_wconf 85' lang='lat' dir='ltr'><strong>praeferens</strong></span> <span class='ocrx_word' id='word_1_37' title='bbox 1336 359 1459 400; x_wconf 90' lang='lat' dir='ltr'><strong>uultu</strong></span> 
     </span>
     <span class='ocr_line' id='line_1_11' title="bbox 113 418 1460 475; baseline -0.004 -12"><span class='ocrx_word' id='word_1_38' title='bbox 113 421 393 475; x_wconf 72' lang='lat' dir='ltr'><strong>exultansque</strong></span> <span class='ocrx_word' id='word_1_39' title='bbox 426 421 566 475; x_wconf 87' lang='lat' dir='ltr'><strong>specie</strong></span> <span class='ocrx_word' id='word_1_40' title='bbox 597 422 722 461; x_wconf 90' lang='lat' dir='ltr'><strong>tenus</strong></span> <span class='ocrx_word' id='word_1_41' title='bbox 755 419 874 460; x_wconf 91' lang='lat' dir='ltr'><strong>urbis</strong></span> <span class='ocrx_word' id='word_1_42' title='bbox 908 418 1073 460; x_wconf 79' lang='lat' dir='ltr'><strong>excidio</strong></span> <span class='ocrx_word' id='word_1_43' title='bbox 1094 418 1334 471; x_wconf 86' lang='lat' dir='ltr'><strong>uidebatur,</strong></span> <span class='ocrx_word' id='word_1_44' title='bbox 1365 431 1460 472; x_wconf 87' lang='lat' dir='ltr'><strong>pro-</strong></span> 
     </span>
     <span class='ocr_line' id='line_1_12' title="bbox 111 475 1461 533; baseline -0.004 -11"><span class='ocrx_word' id='word_1_45' title='bbox 111 480 241 522; x_wconf 83' lang='lat' dir='ltr'><strong>fundo</strong></span> <span class='ocrx_word' id='word_1_46' title='bbox 274 483 420 521; x_wconf 88' lang='lat' dir='ltr'><strong>tamen</strong></span> <span class='ocrx_word' id='word_1_47' title='bbox 452 480 584 521; x_wconf 85' lang='lat' dir='ltr'><strong>animi</strong></span> <span class='ocrx_word' id='word_1_48' title='bbox 616 478 808 533; x_wconf 85' lang='lat' dir='ltr'><strong>grauiter</strong></span> <span class='ocrx_word' id='word_1_49' title='bbox 840 477 1068 518; x_wconf 87' lang='lat' dir='ltr'><strong>aestuabat</strong></span> <span class='ocrx_word' id='word_1_50' title='bbox 1086 479 1290 530; x_wconf 89' lang='lat' dir='ltr'><strong>reputans</strong></span> <span class='ocrx_word' id='word_1_51' title='bbox 1323 476 1368 517; x_wconf 91' lang='lat' dir='ltr'><strong>in</strong></span> <span class='ocrx_word' id='word_1_52' title='bbox 1387 475 1461 517; x_wconf 89' lang='lat' dir='ltr'><strong>ob-</strong></span> 
     </span>
     <span class='ocr_line' id='line_1_13' title="bbox 111 534 1459 591; baseline -0.004 -10"><span class='ocrx_word' id='word_1_53' title='bbox 111 539 397 581; x_wconf 88' lang='lat' dir='ltr'><strong>sidionalibus</strong></span> <span class='ocrx_word' id='word_1_54' title='bbox 418 538 545 580; x_wconf 87' lang='lat' dir='ltr'><strong>malis</strong></span> <span class='ocrx_word' id='word_1_55' title='bbox 567 551 693 591; x_wconf 86' lang='lat' dir='ltr'><strong>saepe</strong></span> <span class='ocrx_word' id='word_1_56' title='bbox 713 537 934 578; x_wconf 83' lang='lat' dir='ltr'><strong>luctuosas</strong></span> <span class='ocrx_word' id='word_1_57' title='bbox 956 550 1000 576; x_wconf 86' lang='lat' dir='ltr'><strong>se</strong></span> <span class='ocrx_word' id='word_1_58' title='bbox 1020 534 1250 589; x_wconf 74' lang='lat' dir='ltr'><strong>pertulisse</strong></span> <span class='ocrx_word' id='word_1_59' title='bbox 1271 535 1459 576; x_wconf 88' lang='lat' dir='ltr'><strong>iacturas</strong></span> 
     </span>
     <span class='ocr_line' id='line_1_14' title="bbox 111 594 1460 652; baseline -0.005 -12"><span class='ocrx_word' id='word_1_60' title='bbox 111 598 333 652; x_wconf 90' lang='lat' dir='ltr'><strong>multoque</strong></span> <span class='ocrx_word' id='word_1_61' title='bbox 354 597 586 651; x_wconf 90' lang='lat' dir='ltr'><strong>ampliores</strong></span> <span class='ocrx_word' id='word_1_62' title='bbox 608 611 652 637; x_wconf 88' lang='lat' dir='ltr'><strong>se</strong></span> <span class='ocrx_word' id='word_1_63' title='bbox 672 596 812 650; x_wconf 89' lang='lat' dir='ltr'><strong>ipsum</strong></span> <span class='ocrx_word' id='word_1_64' title='bbox 844 594 1026 649; x_wconf 90' lang='lat' dir='ltr'><strong>populos</strong></span> <span class='ocrx_word' id='word_1_65' title='bbox 1058 594 1308 648; x_wconf 79' lang='lat' dir='ltr'><strong>perdidisse,</strong></span> <span class='ocrx_word' id='word_1_66' title='bbox 1332 608 1460 647; x_wconf 88' lang='lat' dir='ltr'><strong>quam</strong></span> 
     </span>
     <span class='ocr_line' id='line_1_15' title="bbox 111 652 1461 710; baseline -0.004 -12"><span class='ocrx_word' id='word_1_67' title='bbox 111 671 133 697; x_wconf 88' lang='lat' dir='ltr'><strong>e</strong></span> <span class='ocrx_word' id='word_1_68' title='bbox 164 657 326 698; x_wconf 89' lang='lat' dir='ltr'><strong>nostris</strong></span> <span class='ocrx_word' id='word_1_69' title='bbox 360 659 532 710; x_wconf 81' lang='lat' dir='ltr'><strong>ceperat</strong></span> <span class='ocrx_word' id='word_1_70' title='bbox 562 656 699 708; x_wconf 83' lang='lat' dir='ltr'><strong>uiuos,</strong></span> <span class='ocrx_word' id='word_1_71' title='bbox 729 654 798 695; x_wconf 87' lang='lat' dir='ltr'><strong>uel</strong></span> <span class='ocrx_word' id='word_1_72' title='bbox 825 656 938 695; x_wconf 89' lang='lat' dir='ltr'><strong>certe</strong></span> <span class='ocrx_word' id='word_1_73' title='bbox 969 667 1046 707; x_wconf 90' lang='lat' dir='ltr'><strong>per</strong></span> <span class='ocrx_word' id='word_1_74' title='bbox 1066 653 1259 694; x_wconf 87' lang='lat' dir='ltr'><strong>diuersas</strong></span> <span class='ocrx_word' id='word_1_75' title='bbox 1291 652 1461 693; x_wconf 84' lang='lat' dir='ltr'><strong>fuderat</strong></span> 
     </span>
     <span class='ocr_line' id='line_1_16' title="bbox 111 709 1462 770; baseline -0.004 -13"><span class='ocrx_word' id='word_1_76' title='bbox 111 728 292 770; x_wconf 88' lang='lat' dir='ltr'><strong>pugnas,</strong></span> <span class='ocrx_word' id='word_1_77' title='bbox 329 717 377 756; x_wconf 92' lang='lat' dir='ltr'><strong>ut</strong></span> <span class='ocrx_word' id='word_1_78' title='bbox 409 714 523 769; x_wconf 89' lang='lat' dir='ltr'><strong>apud</strong></span> <span class='ocrx_word' id='word_1_79' title='bbox 552 713 729 755; x_wconf 80' lang='lat' dir='ltr'><strong>Nisibin</strong></span> <span class='ocrx_word' id='word_1_80' title='bbox 761 712 1020 767; x_wconf 86' lang='lat' dir='ltr'><strong>aliquotiens</strong></span> <span class='ocrx_word' id='word_1_81' title='bbox 1054 711 1197 752; x_wconf 81' lang='lat' dir='ltr'><strong>euenit</strong></span> <span class='ocrx_word' id='word_1_82' title='bbox 1235 714 1278 752; x_wconf 88' lang='lat' dir='ltr'><strong>et</strong></span> <span class='ocrx_word' id='word_1_83' title='bbox 1310 709 1462 765; x_wconf 83' lang='lat' dir='ltr'><strong>Singa-</strong></span> 
     </span>
     <span class='ocr_line' id='line_1_17' title="bbox 111 769 1462 828; baseline -0.004 -12"><span class='ocrx_word' id='word_1_84' title='bbox 111 789 218 828; x_wconf 85' lang='lat' dir='ltr'><strong>ram,</strong></span> <span class='ocrx_word' id='word_1_85' title='bbox 248 775 428 828; x_wconf 86' lang='lat' dir='ltr'><strong>parique</strong></span> <span class='ocrx_word' id='word_1_86' title='bbox 460 773 586 814; x_wconf 91' lang='lat' dir='ltr'><strong>modo</strong></span> <span class='ocrx_word' id='word_1_87' title='bbox 609 787 703 814; x_wconf 88' lang='lat' dir='ltr'><strong>cum</strong></span> <span class='ocrx_word' id='word_1_88' title='bbox 730 771 1008 826; x_wconf 81' lang='lat' dir='ltr'><strong>septuaginta</strong></span> <span class='ocrx_word' id='word_1_89' title='bbox 1039 773 1214 824; x_wconf 89' lang='lat' dir='ltr'><strong>tresque</strong></span> <span class='ocrx_word' id='word_1_90' title='bbox 1234 770 1323 811; x_wconf 89' lang='lat' dir='ltr'><strong>dies</strong></span> <span class='ocrx_word' id='word_1_91' title='bbox 1343 769 1462 810; x_wconf 89' lang='lat' dir='ltr'><strong>Ami-</strong></span> 
     </span>
     <span class='ocr_line' id='line_1_18' title="bbox 111 829 1461 883; baseline -0.004 -9"><span class='ocrx_word' id='word_1_92' title='bbox 111 833 210 874; x_wconf 86' lang='lat' dir='ltr'><strong>dam</strong></span> <span class='ocrx_word' id='word_1_93' title='bbox 230 832 506 874; x_wconf 88' lang='lat' dir='ltr'><strong>multitudine</strong></span> <span class='ocrx_word' id='word_1_94' title='bbox 522 831 864 873; x_wconf 81' lang='lat' dir='ltr'><strong>circumsedisset</strong></span> <span class='ocrx_word' id='word_1_95' title='bbox 884 844 1115 882; x_wconf 83' lang='lat' dir='ltr'><strong>armorum,</strong></span> <span class='ocrx_word' id='word_1_96' title='bbox 1134 829 1318 883; x_wconf 85' lang='lat' dir='ltr'><strong>triginta</strong></span> <span class='ocrx_word' id='word_1_97' title='bbox 1338 829 1461 869; x_wconf 90' lang='lat' dir='ltr'><strong>milia</strong></span> 
     </span>
     <span class='ocr_line' id='line_1_19' title="bbox 111 887 1462 946; baseline -0.004 -13"><span class='ocrx_word' id='word_1_98' title='bbox 111 891 299 946; x_wconf 82' lang='lat' dir='ltr'><strong>perdidit</strong></span> <span class='ocrx_word' id='word_1_99' title='bbox 330 891 603 943; x_wconf 79' lang='lat' dir='ltr'><strong>bellatorum,</strong></span> <span class='ocrx_word' id='word_1_100' title='bbox 641 904 748 944; x_wconf 88' lang='lat' dir='ltr'><strong>quae</strong></span> <span class='ocrx_word' id='word_1_101' title='bbox 786 889 914 943; x_wconf 91' lang='lat' dir='ltr'><strong>paulo</strong></span> <span class='ocrx_word' id='word_1_102' title='bbox 952 891 1104 942; x_wconf 90' lang='lat' dir='ltr'><strong>postea</strong></span> <span class='ocrx_word' id='word_1_103' title='bbox 1140 902 1217 941; x_wconf 88' lang='lat' dir='ltr'><strong>per</strong></span> <span class='ocrx_word' id='word_1_104' title='bbox 1247 887 1462 928; x_wconf 89' lang='lat' dir='ltr'><strong>Discenen</strong></span> 
     </span>
     <span class='ocr_line' id='line_1_20' title="bbox 111 945 1459 991; baseline -0.004 0"><span class='ocrx_word' id='word_1_105' title='bbox 111 951 333 991; x_wconf 87' lang='lat' dir='ltr'><strong>tribunum</strong></span> <span class='ocrx_word' id='word_1_106' title='bbox 371 953 413 991; x_wconf 91' lang='lat' dir='ltr'><strong>et</strong></span> <span class='ocrx_word' id='word_1_107' title='bbox 449 949 667 990; x_wconf 88' lang='lat' dir='ltr'><strong>notarium</strong></span> <span class='ocrx_word' id='word_1_108' title='bbox 698 950 924 989; x_wconf 88' lang='lat' dir='ltr'><strong>numerata</strong></span> <span class='ocrx_word' id='word_1_109' title='bbox 957 949 1057 987; x_wconf 89' lang='lat' dir='ltr'><strong>sunt</strong></span> <span class='ocrx_word' id='word_1_110' title='bbox 1088 946 1169 987; x_wconf 91' lang='lat' dir='ltr'><strong>hac</strong></span> <span class='ocrx_word' id='word_1_111' title='bbox 1202 945 1459 987; x_wconf 87' lang='lat' dir='ltr'><strong>discretione</strong></span> 
     </span>
     <span class='ocr_line' id='line_1_21' title="bbox 111 1004 1462 1063; baseline -0.004 -13"><span class='ocrx_word' id='word_1_112' title='bbox 111 1009 295 1062; x_wconf 77' lang='lat' dir='ltr'><strong>facilius,</strong></span> <span class='ocrx_word' id='word_1_113' title='bbox 328 1008 441 1063; x_wconf 88' lang='lat' dir='ltr'><strong>quod</strong></span> <span class='ocrx_word' id='word_1_114' title='bbox 470 1011 718 1049; x_wconf 86' lang='lat' dir='ltr'><strong>nostrorum</strong></span> <span class='ocrx_word' id='word_1_115' title='bbox 745 1007 955 1048; x_wconf 88' lang='lat' dir='ltr'><strong>cadauera</strong></span> <span class='ocrx_word' id='word_1_116' title='bbox 987 1019 1086 1046; x_wconf 82' lang='lat' dir='ltr'><strong>mox</strong></span> <span class='ocrx_word' id='word_1_117' title='bbox 1115 1019 1337 1046; x_wconf 87' lang='lat' dir='ltr'><strong>caesorum</strong></span> <span class='ocrx_word' id='word_1_118' title='bbox 1364 1004 1462 1045; x_wconf 87' lang='lat' dir='ltr'><strong>fati-</strong></span> 
     </span>
     <span class='ocr_line' id='line_1_22' title="bbox 112 1064 1463 1120; baseline -0.004 -11"><span class='ocrx_word' id='word_1_119' title='bbox 112 1070 237 1109; x_wconf 91' lang='lat' dir='ltr'><strong>scunt</strong></span> <span class='ocrx_word' id='word_1_120' title='bbox 257 1071 299 1108; x_wconf 95' lang='lat' dir='ltr'><strong>et</strong></span> <span class='ocrx_word' id='word_1_121' title='bbox 319 1067 501 1108; x_wconf 89' lang='lat' dir='ltr'><strong>difluunt</strong></span> <span class='ocrx_word' id='word_1_122' title='bbox 522 1067 640 1120; x_wconf 89' lang='lat' dir='ltr'><strong>adeo,</strong></span> <span class='ocrx_word' id='word_1_123' title='bbox 659 1069 707 1107; x_wconf 91' lang='lat' dir='ltr'><strong>ut</strong></span> <span class='ocrx_word' id='word_1_124' title='bbox 726 1066 888 1107; x_wconf 86' lang='lat' dir='ltr'><strong>nullius</strong></span> <span class='ocrx_word' id='word_1_125' title='bbox 910 1064 1071 1105; x_wconf 87' lang='lat' dir='ltr'><strong>mortui</strong></span> <span class='ocrx_word' id='word_1_126' title='bbox 1090 1064 1222 1105; x_wconf 85' lang='lat' dir='ltr'><strong>facies</strong></span> <span class='ocrx_word' id='word_1_127' title='bbox 1243 1065 1343 1117; x_wconf 86' lang='lat' dir='ltr'><strong>post</strong></span> <span class='ocrx_word' id='word_1_128' title='bbox 1363 1078 1463 1117; x_wconf 89' lang='lat' dir='ltr'><strong>qua—</strong></span> 
     </span>
     <span class='ocr_line' id='line_1_23' title="bbox 110 1122 1462 1180; baseline -0.004 -12"><span class='ocrx_word' id='word_1_129' title='bbox 110 1127 301 1168; x_wconf 87' lang='lat' dir='ltr'><strong>triduum</strong></span> <span class='ocrx_word' id='word_1_130' title='bbox 333 1128 604 1180; x_wconf 80' lang='lat' dir='ltr'><strong>agnoscatur,</strong></span> <span class='ocrx_word' id='word_1_131' title='bbox 636 1125 963 1166; x_wconf 86' lang='lat' dir='ltr'><strong>interfectorum</strong></span> <span class='ocrx_word' id='word_1_132' title='bbox 989 1137 1090 1164; x_wconf 89' lang='lat' dir='ltr'><strong>uero</strong></span> <span class='ocrx_word' id='word_1_133' title='bbox 1117 1122 1348 1163; x_wconf 87' lang='lat' dir='ltr'><strong>Persarum</strong></span> <span class='ocrx_word' id='word_1_134' title='bbox 1373 1122 1462 1163; x_wconf 85' lang='lat' dir='ltr'><strong>ina-</strong></span> 
     </span>
     <span class='ocr_line' id='line_1_24' title="bbox 110 1181 1461 1237; baseline -0.004 -11"><span class='ocrx_word' id='word_1_135' title='bbox 110 1188 284 1226; x_wconf 85' lang='lat' dir='ltr'><strong>rescunt</strong></span> <span class='ocrx_word' id='word_1_136' title='bbox 314 1185 358 1226; x_wconf 88' lang='lat' dir='ltr'><strong>in</strong></span> <span class='ocrx_word' id='word_1_137' title='bbox 378 1185 552 1226; x_wconf 90' lang='lat' dir='ltr'><strong>modum</strong></span> <span class='ocrx_word' id='word_1_138' title='bbox 585 1183 782 1237; x_wconf 88' lang='lat' dir='ltr'><strong>stipitum</strong></span> <span class='ocrx_word' id='word_1_139' title='bbox 804 1197 992 1237; x_wconf 86' lang='lat' dir='ltr'><strong>corpora,</strong></span> <span class='ocrx_word' id='word_1_140' title='bbox 1023 1184 1071 1222; x_wconf 88' lang='lat' dir='ltr'><strong>ut</strong></span> <span class='ocrx_word' id='word_1_141' title='bbox 1089 1195 1167 1222; x_wconf 89' lang='lat' dir='ltr'><strong>nec</strong></span> <span class='ocrx_word' id='word_1_142' title='bbox 1197 1181 1461 1235; x_wconf 85' lang='lat' dir='ltr'><strong>liquentibus</strong></span> 
     </span>
     <span class='ocr_line' id='line_1_25' title="bbox 111 1239 1463 1296; baseline -0.004 -11"><span class='ocrx_word' id='word_1_143' title='bbox 111 1244 317 1286; x_wconf 87' lang='lat' dir='ltr'><strong>membris</strong></span> <span class='ocrx_word' id='word_1_144' title='bbox 348 1258 427 1285; x_wconf 88' lang='lat' dir='ltr'><strong>nec</strong></span> <span class='ocrx_word' id='word_1_145' title='bbox 460 1243 578 1285; x_wconf 85' lang='lat' dir='ltr'><strong>sanie</strong></span> <span class='ocrx_word' id='word_1_146' title='bbox 611 1242 785 1296; x_wconf 86' lang='lat' dir='ltr'><strong>perfusa</strong></span> <span class='ocrx_word' id='word_1_147' title='bbox 805 1242 1068 1294; x_wconf 86' lang='lat' dir='ltr'><strong>madescant,</strong></span> <span class='ocrx_word' id='word_1_148' title='bbox 1101 1241 1214 1294; x_wconf 90' lang='lat' dir='ltr'><strong>quod</strong></span> <span class='ocrx_word' id='word_1_149' title='bbox 1244 1239 1337 1281; x_wconf 88' lang='lat' dir='ltr'><strong>uita</strong></span> <span class='ocrx_word' id='word_1_150' title='bbox 1367 1254 1463 1293; x_wconf 86' lang='lat' dir='ltr'><strong>par-</strong></span> 
     </span>
     <span class='ocr_line' id='line_1_26' title="bbox 113 1299 1463 1344; baseline -0.004 0"><span class='ocrx_word' id='word_1_151' title='bbox 113 1303 202 1344; x_wconf 89' lang='lat' dir='ltr'><strong>cior</strong></span> <span class='ocrx_word' id='word_1_152' title='bbox 238 1302 344 1344; x_wconf 84' lang='lat' dir='ltr'><strong>facit</strong></span> <span class='ocrx_word' id='word_1_153' title='bbox 383 1305 426 1344; x_wconf 91' lang='lat' dir='ltr'><strong>et</strong></span> <span class='ocrx_word' id='word_1_154' title='bbox 462 1302 538 1343; x_wconf 85' lang='lat' dir='ltr'><strong>ubi</strong></span> <span class='ocrx_word' id='word_1_155' title='bbox 574 1303 809 1342; x_wconf 87' lang='lat' dir='ltr'><strong>nascuntur</strong></span> <span class='ocrx_word' id='word_1_156' title='bbox 847 1302 1021 1341; x_wconf 83' lang='lat' dir='ltr'><strong>exustae</strong></span> <span class='ocrx_word' id='word_1_157' title='bbox 1054 1299 1271 1340; x_wconf 88' lang='lat' dir='ltr'><strong>caloribus</strong></span> <span class='ocrx_word' id='word_1_158' title='bbox 1309 1301 1463 1339; x_wconf 85' lang='lat' dir='ltr'><strong>terrae.</strong></span> 
     </span>
    </p>

    <p class='ocr_par' dir='ltr' id='par_1_9' title="bbox 111 1357 1464 1592">
     <span class='ocr_line' id='line_1_27' title="bbox 230 1357 1461 1414; baseline -0.004 -12"><span class='ocrx_word' id='word_1_159' title='bbox 230 1360 303 1403; x_wconf 87' lang='lat'><strong>10.</strong></span> <span class='ocrx_word' id='word_1_160' title='bbox 341 1362 377 1402; x_wconf 89' lang='lat'><strong>1.</strong></span> <span class='ocrx_word' id='word_1_161' title='bbox 408 1361 524 1402; x_wconf 91' lang='lat' dir='ltr'><strong>Dum</strong></span> <span class='ocrx_word' id='word_1_162' title='bbox 554 1360 661 1402; x_wconf 89' lang='lat' dir='ltr'><strong>haec</strong></span> <span class='ocrx_word' id='word_1_163' title='bbox 693 1374 769 1414; x_wconf 89' lang='lat' dir='ltr'><strong>per</strong></span> <span class='ocrx_word' id='word_1_164' title='bbox 800 1360 943 1400; x_wconf 88' lang='lat' dir='ltr'><strong>uarios</strong></span> <span class='ocrx_word' id='word_1_165' title='bbox 982 1358 1178 1399; x_wconf 87' lang='lat' dir='ltr'><strong>turbines</strong></span> <span class='ocrx_word' id='word_1_166' title='bbox 1211 1357 1257 1398; x_wconf 90' lang='lat' dir='ltr'><strong>in</strong></span> <span class='ocrx_word' id='word_1_167' title='bbox 1278 1357 1461 1398; x_wconf 85' lang='lat' dir='ltr'><strong>orientis</strong></span> 
     </span>
     <span class='ocr_line' id='line_1_28' title="bbox 112 1415 1462 1473; baseline -0.004 -12"><span class='ocrx_word' id='word_1_168' title='bbox 112 1420 272 1462; x_wconf 82' lang='lat' dir='ltr'><strong>extimo</strong></span> <span class='ocrx_word' id='word_1_169' title='bbox 314 1420 590 1473; x_wconf 86' lang='lat' dir='ltr'><strong>festinantur,</strong></span> <span class='ocrx_word' id='word_1_170' title='bbox 636 1418 937 1460; x_wconf 87' lang='lat' dir='ltr'><strong>difficultatem</strong></span> <span class='ocrx_word' id='word_1_171' title='bbox 976 1416 1251 1458; x_wconf 84' lang='lat' dir='ltr'><strong>aduentantis</strong></span> <span class='ocrx_word' id='word_1_172' title='bbox 1290 1415 1462 1469; x_wconf 81' lang='lat' dir='ltr'><strong>inopiae</strong></span> 
     </span>
     <span class='ocr_line' id='line_1_29' title="bbox 111 1474 1462 1529; baseline -0.004 -9"><span class='ocrx_word' id='word_1_173' title='bbox 111 1479 426 1520; x_wconf 81' lang='lat' dir='ltr'><strong>frumentorum</strong></span> <span class='ocrx_word' id='word_1_174' title='bbox 456 1479 560 1519; x_wconf 86' lang='lat' dir='ltr'><strong>urbs</strong></span> <span class='ocrx_word' id='word_1_175' title='bbox 592 1478 825 1519; x_wconf 88' lang='lat' dir='ltr'><strong>uerebatur</strong></span> <span class='ocrx_word' id='word_1_176' title='bbox 858 1480 1044 1529; x_wconf 86' lang='lat' dir='ltr'><strong>aeterna,</strong></span> <span class='ocrx_word' id='word_1_177' title='bbox 1076 1475 1204 1529; x_wconf 91' lang='lat' dir='ltr'><strong>uique</strong></span> <span class='ocrx_word' id='word_1_178' title='bbox 1225 1474 1462 1516; x_wconf 86' lang='lat' dir='ltr'><strong>minacissi-</strong></span> 
     </span>
     <span class='ocr_line' id='line_1_30' title="bbox 111 1534 1464 1592; baseline -0.004 -13"><span class='ocrx_word' id='word_1_179' title='bbox 111 1553 207 1579; x_wconf 89' lang='lat' dir='ltr'><strong>mae</strong></span> <span class='ocrx_word' id='word_1_180' title='bbox 238 1538 378 1592; x_wconf 90' lang='lat' dir='ltr'><strong>plebis</strong></span> <span class='ocrx_word' id='word_1_181' title='bbox 417 1537 576 1578; x_wconf 86' lang='lat' dir='ltr'><strong>famem</strong></span> <span class='ocrx_word' id='word_1_182' title='bbox 607 1537 810 1577; x_wconf 89' lang='lat' dir='ltr'><strong>ultimum</strong></span> <span class='ocrx_word' id='word_1_183' title='bbox 841 1536 1053 1576; x_wconf 88' lang='lat' dir='ltr'><strong>malorum</strong></span> <span class='ocrx_word' id='word_1_184' title='bbox 1091 1534 1280 1574; x_wconf 88' lang='lat' dir='ltr'><strong>omnium</strong></span> <span class='ocrx_word' id='word_1_185' title='bbox 1319 1547 1464 1587; x_wconf 83' lang='lat' dir='ltr'><strong>exspe-</strong></span> 
     </span>
    </p>
   </div>
   <div class='ocr_carea' id='block_1_8' title="bbox 59 1594 1463 1646">
    <p class='ocr_par' dir='ltr' id='par_1_10' title="bbox 59 1594 1463 1646">
     <span class='ocr_line' id='line_1_31' title="bbox 59 1594 1463 1646; baseline -0.004 -10"><span class='ocrx_word' id='word_1_186' title='bbox 59 1629 74 1636; x_wconf 85' lang='lat'><strong>-</strong></span> <span class='ocrx_word' id='word_1_187' title='bbox 114 1597 273 1638; x_wconf 83' lang='lat' dir='ltr'><strong>etantis</strong></span> <span class='ocrx_word' id='word_1_188' title='bbox 318 1596 496 1637; x_wconf 86' lang='lat' dir='ltr'><strong>subinde</strong></span> <span class='ocrx_word' id='word_1_189' title='bbox 542 1595 763 1636; x_wconf 87' lang='lat' dir='ltr'><strong>Tertullus</strong></span> <span class='ocrx_word' id='word_1_190' title='bbox 808 1595 1067 1646; x_wconf 85' lang='lat' dir='ltr'><strong>uexabatur,</strong></span> <span class='ocrx_word' id='word_1_191' title='bbox 1112 1607 1163 1634; x_wconf 87' lang='lat' dir='ltr'><strong>ea</strong></span> <span class='ocrx_word' id='word_1_192' title='bbox 1204 1594 1463 1646; x_wconf 83' lang='lat' dir='ltr'><strong>tempestate</strong></span> 
     </span>
    </p>
   </div>
   <div class='ocr_carea' id='block_1_9' title="bbox 112 1651 1466 2062">
    <p class='ocr_par' dir='ltr' id='par_1_11' title="bbox 112 1651 1466 2062">
     <span class='ocr_line' id='line_1_32' title="bbox 112 1651 1464 1709; baseline -0.004 -12"><span class='ocrx_word' id='word_1_193' title='bbox 112 1655 368 1709; x_wconf 87' lang='lat' dir='ltr'><strong>praefectus,</strong></span> <span class='ocrx_word' id='word_1_194' title='bbox 405 1654 774 1696; x_wconf 87' lang='lat' dir='ltr'><strong>inrationabiliter</strong></span> <span class='ocrx_word' id='word_1_195' title='bbox 810 1653 951 1707; x_wconf 88' lang='lat' dir='ltr'><strong>plane,</strong></span> <span class='ocrx_word' id='word_1_196' title='bbox 987 1666 1064 1693; x_wconf 88' lang='lat' dir='ltr'><strong>nec</strong></span> <span class='ocrx_word' id='word_1_197' title='bbox 1103 1651 1217 1692; x_wconf 89' lang='lat' dir='ltr'><strong>enim</strong></span> <span class='ocrx_word' id='word_1_198' title='bbox 1253 1666 1329 1705; x_wconf 88' lang='lat' dir='ltr'><strong>per</strong></span> <span class='ocrx_word' id='word_1_199' title='bbox 1367 1665 1464 1692; x_wconf 89' lang='lat' dir='ltr'><strong>eum</strong></span> 
     </span>
     <span class='ocr_line' id='line_1_33' title="bbox 113 1709 1463 1768; baseline -0.004 -13"><span class='ocrx_word' id='word_1_200' title='bbox 113 1716 306 1767; x_wconf 86' lang='lat' dir='ltr'><strong>steterat,</strong></span> <span class='ocrx_word' id='word_1_201' title='bbox 327 1729 409 1768; x_wconf 88' lang='lat' dir='ltr'><strong>quo</strong></span> <span class='ocrx_word' id='word_1_202' title='bbox 443 1714 583 1754; x_wconf 88' lang='lat' dir='ltr'><strong>minus</strong></span> <span class='ocrx_word' id='word_1_203' title='bbox 615 1716 807 1767; x_wconf 89' lang='lat' dir='ltr'><strong>tempore</strong></span> <span class='ocrx_word' id='word_1_204' title='bbox 829 1725 1018 1766; x_wconf 87' lang='lat' dir='ltr'><strong>congruo</strong></span> <span class='ocrx_word' id='word_1_205' title='bbox 1052 1710 1258 1752; x_wconf 83' lang='lat' dir='ltr'><strong>alimenta</strong></span> <span class='ocrx_word' id='word_1_206' title='bbox 1280 1709 1463 1751; x_wconf 84' lang='lat' dir='ltr'><strong>nauibus</strong></span> 
     </span>
     <span class='ocr_line' id='line_1_34' title="bbox 112 1768 1465 1827; baseline -0.004 -13"><span class='ocrx_word' id='word_1_207' title='bbox 112 1773 385 1827; x_wconf 85' lang='lat' dir='ltr'><strong>ueherentur,</strong></span> <span class='ocrx_word' id='word_1_208' title='bbox 423 1787 528 1827; x_wconf 87' lang='lat' dir='ltr'><strong>quas</strong></span> <span class='ocrx_word' id='word_1_209' title='bbox 566 1772 698 1814; x_wconf 90' lang='lat' dir='ltr'><strong>maris</strong></span> <span class='ocrx_word' id='word_1_210' title='bbox 737 1786 859 1812; x_wconf 87' lang='lat' dir='ltr'><strong>casus</strong></span> <span class='ocrx_word' id='word_1_211' title='bbox 902 1770 1142 1824; x_wconf 84' lang='lat' dir='ltr'><strong>asperiores</strong></span> <span class='ocrx_word' id='word_1_212' title='bbox 1183 1768 1324 1810; x_wconf 85' lang='lat' dir='ltr'><strong>solitis</strong></span> <span class='ocrx_word' id='word_1_213' title='bbox 1366 1782 1465 1809; x_wconf 90' lang='lat' dir='ltr'><strong>uen-</strong></span> 
     </span>
     <span class='ocr_line' id='line_1_35' title="bbox 113 1827 1464 1886; baseline -0.004 -13"><span class='ocrx_word' id='word_1_214' title='bbox 113 1835 342 1886; x_wconf 88' lang='lat' dir='ltr'><strong>torumque</strong></span> <span class='ocrx_word' id='word_1_215' title='bbox 385 1831 600 1886; x_wconf 88' lang='lat' dir='ltr'><strong>procellae</strong></span> <span class='ocrx_word' id='word_1_216' title='bbox 650 1830 895 1871; x_wconf 90' lang='lat' dir='ltr'><strong>reflantium</strong></span> <span class='ocrx_word' id='word_1_217' title='bbox 938 1829 1104 1870; x_wconf 90' lang='lat' dir='ltr'><strong>delatas</strong></span> <span class='ocrx_word' id='word_1_218' title='bbox 1155 1828 1201 1868; x_wconf 92' lang='lat' dir='ltr'><strong>in</strong></span> <span class='ocrx_word' id='word_1_219' title='bbox 1244 1827 1464 1881; x_wconf 78' lang='lat' dir='ltr'><strong>proximos</strong></span> 
     </span>
     <span class='ocr_line' id='line_1_36' title="bbox 116 1885 1466 1944; baseline -0.005 -12"><span class='ocrx_word' id='word_1_220' title='bbox 116 1891 234 1931; x_wconf 89' lang='lat' dir='ltr'><strong>sinus</strong></span> <span class='ocrx_word' id='word_1_221' title='bbox 271 1890 450 1932; x_wconf 89' lang='lat' dir='ltr'><strong>introire</strong></span> <span class='ocrx_word' id='word_1_222' title='bbox 488 1891 661 1944; x_wconf 89' lang='lat' dir='ltr'><strong>portum</strong></span> <span class='ocrx_word' id='word_1_223' title='bbox 692 1888 881 1943; x_wconf 81' lang='lat' dir='ltr'><strong>Augusti</strong></span> <span class='ocrx_word' id='word_1_224' title='bbox 917 1887 1214 1928; x_wconf 87' lang='lat' dir='ltr'><strong>discriminum</strong></span> <span class='ocrx_word' id='word_1_225' title='bbox 1251 1885 1466 1939; x_wconf 86' lang='lat' dir='ltr'><strong>magnitu-</strong></span> 
     </span>
     <span class='ocr_line' id='line_1_37' title="bbox 114 1944 1464 2003; baseline -0.004 -13"><span class='ocrx_word' id='word_1_226' title='bbox 114 1949 211 1990; x_wconf 86' lang='lat' dir='ltr'><strong>dine</strong></span> <span class='ocrx_word' id='word_1_227' title='bbox 243 1949 555 2003; x_wconf 88' lang='lat' dir='ltr'><strong>perterrebant.</strong></span> <span class='ocrx_word' id='word_1_228' title='bbox 616 1949 655 1989; x_wconf 77' lang='lat'><strong>2.</strong></span> <span class='ocrx_word' id='word_1_229' title='bbox 688 1947 886 2001; x_wconf 86' lang='lat' dir='ltr'><strong>quocirca</strong></span> <span class='ocrx_word' id='word_1_230' title='bbox 918 1946 1030 1987; x_wconf 88' lang='lat' dir='ltr'><strong>idem</strong></span> <span class='ocrx_word' id='word_1_231' title='bbox 1063 1959 1190 1999; x_wconf 89' lang='lat' dir='ltr'><strong>saepe</strong></span> <span class='ocrx_word' id='word_1_232' title='bbox 1222 1944 1464 1998; x_wconf 83' lang='lat' dir='ltr'><strong>praefectus</strong></span> 
     </span>
     <span class='ocr_line' id='line_1_38' title="bbox 115 2002 1466 2062; baseline -0.004 -13"><span class='ocrx_word' id='word_1_233' title='bbox 115 2008 396 2049; x_wconf 84' lang='lat' dir='ltr'><strong>seditionibus</strong></span> <span class='ocrx_word' id='word_1_234' title='bbox 430 2007 622 2062; x_wconf 86' lang='lat' dir='ltr'><strong>agitatus</strong></span> <span class='ocrx_word' id='word_1_235' title='bbox 643 2021 693 2049; x_wconf 87' lang='lat' dir='ltr'><strong>ac</strong></span> <span class='ocrx_word' id='word_1_236' title='bbox 724 2006 850 2060; x_wconf 89' lang='lat' dir='ltr'><strong>plebe</strong></span> <span class='ocrx_word' id='word_1_237' title='bbox 881 2005 968 2046; x_wconf 87' lang='lat' dir='ltr'><strong>iam</strong></span> <span class='ocrx_word' id='word_1_238' title='bbox 989 2004 1206 2045; x_wconf 81' lang='lat' dir='ltr'><strong>saeuiente</strong></span> <span class='ocrx_word' id='word_1_239' title='bbox 1237 2002 1466 2055; x_wconf 85' lang='lat' dir='ltr'><strong>inmanius,</strong></span> 
     </span>
    </p>
   </div>
   <div class='ocr_carea' id='block_1_10' title="bbox 115 2146 1467 2420">
    <p class='ocr_par' dir='ltr' id='par_1_12' title="bbox 115 2146 1467 2420">
     <span class='ocr_line' id='line_1_39' title="bbox 205 2146 1466 2192; baseline -0.004 -7"><span class='ocrx_word' id='word_1_240' title='bbox 205 2155 226 2185; x_wconf 79' lang='lat'><strong>2</strong></span> <span class='ocrx_word' id='word_1_241' title='bbox 265 2152 392 2185; x_wconf 83' lang='lat' dir='ltr'><strong>tamen</strong></span> <span class='ocrx_word' id='word_1_242' title='bbox 423 2151 555 2186; x_wconf 87' lang='lat' dir='ltr'><strong>itidem</strong></span> <span class='ocrx_word' id='word_1_243' title='bbox 595 2150 665 2185; x_wconf 82' lang='lat' dir='ltr'><strong>GA</strong></span> <span class='ocrx_word' id='word_1_244' title='bbox 701 2151 778 2184; x_wconf 82' lang='lat' dir='ltr'><strong>tam</strong></span> <span class='ocrx_word' id='word_1_245' title='bbox 816 2150 854 2184; x_wconf 89' lang='lat' dir='ltr'><strong>et</strong></span> <span class='ocrx_word' id='word_1_246' title='bbox 889 2149 989 2184; x_wconf 88' lang='lat' dir='ltr'><strong>idem</strong></span> <span class='ocrx_word' id='word_1_247' title='bbox 1032 2147 1100 2182; x_wconf 92' lang='lat' dir='ltr'><strong>VP</strong></span> <span class='ocrx_word' id='word_1_248' title='bbox 1191 2151 1212 2182; x_wconf 82' lang='lat'><strong>4</strong></span> <span class='ocrx_word' id='word_1_249' title='bbox 1250 2146 1466 2192; x_wconf 83' lang='lat' dir='ltr'><strong>praeferens</strong></span> 
     </span>
     <span class='ocr_line' id='line_1_40' title="bbox 119 2191 1467 2239; baseline -0.003 -9"><span class='ocrx_word' id='word_1_250' title='bbox 119 2196 288 2231; x_wconf 78' lang='lat' dir='ltr'><strong>Valesius</strong></span> <span class='ocrx_word' id='word_1_251' title='bbox 311 2195 476 2230; x_wconf 87' lang='lat' dir='ltr'><strong>referens</strong></span> <span class='ocrx_word' id='word_1_252' title='bbox 500 2196 603 2230; x_wconf 78' lang='lat' dir='ltr'><strong>codd.</strong></span> <span class='ocrx_word' id='word_1_253' title='bbox 629 2195 800 2237; x_wconf 79' lang='lat' dir='ltr'><strong>fortasse:</strong></span> <span class='ocrx_word' id='word_1_254' title='bbox 824 2205 914 2239; x_wconf 86' lang='lat' dir='ltr'><strong>prae</strong></span> <span class='ocrx_word' id='word_1_255' title='bbox 940 2205 977 2228; x_wconf 87' lang='lat' dir='ltr'><strong>se</strong></span> <span class='ocrx_word' id='word_1_256' title='bbox 995 2193 1117 2228; x_wconf 85' lang='lat' dir='ltr'><strong>ferens</strong></span> <span class='ocrx_word' id='word_1_257' title='bbox 1212 2196 1252 2227; x_wconf 88' lang='grc'><strong>10</strong></span> <span class='ocrx_word' id='word_1_258' title='bbox 1270 2191 1467 2237; x_wconf 85' lang='lat' dir='ltr'><strong>Singaram</strong></span> 
     </span>
     <span class='ocr_line' id='line_1_41' title="bbox 118 2237 1465 2286; baseline -0.004 -10"><span class='ocrx_word' id='word_1_259' title='bbox 118 2241 152 2276; x_wconf 76' lang='lat' dir='ltr'><em>G</em></span> <span class='ocrx_word' id='word_1_260' title='bbox 188 2240 346 2286; x_wconf 86' lang='lat' dir='ltr'><strong>Singara</strong></span> <span class='ocrx_word' id='word_1_261' title='bbox 379 2241 416 2275; x_wconf 91' lang='lat' dir='ltr'><strong><em>A</em></strong></span> <span class='ocrx_word' id='word_1_262' title='bbox 451 2241 480 2275; x_wconf 84' lang='lat' dir='ltr'><strong>si</strong></span> <span class='ocrx_word' id='word_1_263' title='bbox 535 2251 600 2275; x_wconf 90' lang='lat' dir='ltr'><strong>ara</strong></span> <span class='ocrx_word' id='word_1_264' title='bbox 640 2240 674 2273; x_wconf 92' lang='lat' dir='ltr'><strong><em>V</em></strong></span> <span class='ocrx_word' id='word_1_265' title='bbox 706 2239 900 2274; x_wconf 83' lang='lat' dir='ltr'><strong>Susianam</strong></span> <span class='ocrx_word' id='word_1_266' title='bbox 941 2239 961 2273; x_wconf 88' lang='lat' dir='ltr'><strong>b</strong></span> <span class='ocrx_word' id='word_1_267' title='bbox 1056 2242 1096 2272; x_wconf 77' lang='lat'><strong>12</strong></span> <span class='ocrx_word' id='word_1_268' title='bbox 1134 2238 1364 2272; x_wconf 85' lang='lat' dir='ltr'><strong>armatorum</strong></span> <span class='ocrx_word' id='word_1_269' title='bbox 1400 2237 1465 2281; x_wconf 71' lang='lat' dir='ltr'><strong>bqa</strong></span> 
     </span>
     <span class='ocr_line' id='line_1_42' title="bbox 117 2282 1464 2329; baseline -0.004 -9"><span class='ocrx_word' id='word_1_270' title='bbox 117 2290 158 2320; x_wconf 77' lang='lat'><strong>17</strong></span> <span class='ocrx_word' id='word_1_271' title='bbox 183 2296 273 2320; x_wconf 86' lang='lat' dir='ltr'><strong>uero</strong></span> <span class='ocrx_word' id='word_1_272' title='bbox 302 2284 350 2320; x_wconf 82' lang='lat' dir='ltr'><strong>V²</strong></span> <span class='ocrx_word' id='word_1_273' title='bbox 373 2295 441 2320; x_wconf 86' lang='lat' dir='ltr'><strong>om.</strong></span> <span class='ocrx_word' id='word_1_274' title='bbox 505 2288 514 2308; x_wconf 86' lang='lat'><strong>¹</strong></span> <span class='ocrx_word' id='word_1_275' title='bbox 584 2289 628 2320; x_wconf 79' lang='lat'><strong>20</strong></span> <span class='ocrx_word' id='word_1_276' title='bbox 664 2285 730 2319; x_wconf 84' lang='lat' dir='ltr'><strong>ubi</strong></span> <span class='ocrx_word' id='word_1_277' title='bbox 753 2285 859 2329; x_wconf 70' lang='lat' dir='ltr'><strong>Pbya</strong></span> <span class='ocrx_word' id='word_1_278' title='bbox 894 2284 985 2318; x_wconf 88' lang='lat' dir='ltr'><strong>unbi</strong></span> <span class='ocrx_word' id='word_1_279' title='bbox 1026 2282 1062 2316; x_wconf 93' lang='lat' dir='ltr'><strong><em>V</em></strong></span> <span class='ocrx_word' id='word_1_280' title='bbox 1127 2286 1170 2317; x_wconf 83' lang='lat'><strong>26</strong></span> <span class='ocrx_word' id='word_1_281' title='bbox 1196 2293 1282 2316; x_wconf 91' lang='lat' dir='ltr'><strong>eum</strong></span> <span class='ocrx_word' id='word_1_282' title='bbox 1307 2282 1464 2316; x_wconf 85' lang='lat' dir='ltr'><strong>steterat</strong></span> 
     </span>
     <span class='ocr_line' id='line_1_43' title="bbox 118 2325 1466 2372; baseline -0.004 -8"><span class='ocrx_word' id='word_1_283' title='bbox 118 2329 191 2364; x_wconf 78' lang='lat' dir='ltr'><strong>GA</strong></span> <span class='ocrx_word' id='word_1_284' title='bbox 215 2341 301 2365; x_wconf 90' lang='lat' dir='ltr'><strong>eum</strong></span> <span class='ocrx_word' id='word_1_285' title='bbox 325 2331 365 2365; x_wconf 87' lang='lat' dir='ltr'><strong>et</strong></span> <span class='ocrx_word' id='word_1_286' title='bbox 381 2331 503 2365; x_wconf 85' lang='lat' dir='ltr'><strong>eterat</strong></span> <span class='ocrx_word' id='word_1_287' title='bbox 530 2330 564 2365; x_wconf 93' lang='lat' dir='ltr'><strong><em>V</em></strong></span> <span class='ocrx_word' id='word_1_288' title='bbox 608 2333 650 2366; x_wconf 80' lang='lat'><strong>28</strong></span> <span class='ocrx_word' id='word_1_289' title='bbox 676 2340 780 2364; x_wconf 82' lang='lat' dir='ltr'><strong>casus</strong></span> <span class='ocrx_word' id='word_1_290' title='bbox 804 2339 870 2364; x_wconf 85' lang='lat' dir='ltr'><strong>om.</strong></span> <span class='ocrx_word' id='word_1_291' title='bbox 896 2329 940 2364; x_wconf 81' lang='lat' dir='ltr'><strong>ba</strong></span> <span class='ocrx_word' id='word_1_292' title='bbox 986 2332 1030 2362; x_wconf 83' lang='lat'><strong>29</strong></span> <span class='ocrx_word' id='word_1_293' title='bbox 1054 2327 1093 2362; x_wconf 86' lang='lat' dir='ltr'><strong>in</strong></span> <span class='ocrx_word' id='word_1_294' title='bbox 1116 2326 1306 2372; x_wconf 80' lang='lat' dir='ltr'><strong>proximos</strong></span> <span class='ocrx_word' id='word_1_295' title='bbox 1332 2326 1403 2361; x_wconf 78' lang='lat' dir='ltr'><strong>GA</strong></span> <span class='ocrx_word' id='word_1_296' title='bbox 1427 2325 1466 2359; x_wconf 91' lang='lat' dir='ltr'><strong>in</strong></span> 
     </span>
     <span class='ocr_line' id='line_1_44' title="bbox 115 2374 483 2420; baseline 0.003 -11"><span class='ocrx_word' id='word_1_297' title='bbox 115 2374 304 2420; x_wconf 83' lang='lat' dir='ltr'><strong>proximos</strong></span> <span class='ocrx_word' id='word_1_298' title='bbox 326 2375 366 2409; x_wconf 85' lang='lat' dir='ltr'><strong>in</strong></span> <span class='ocrx_word' id='word_1_299' title='bbox 394 2374 483 2410; x_wconf 79' lang='lat' dir='ltr'><strong>VPb</strong></span> 
     </span>
    </p>
   </div>
  </div>
 </body>
</html>
