1614 2549
361 118 699 154 CONSTANTIVS
723 119 784 154 ET
810 119 1043 154 IVLIANVS
1067 124 1131 154 3:17
1373 120 1427 163 99

77 228 253 256 numero
273 213 535 267 praestantis
556 216 599 255 et
619 213 795 255 uiribus.
834 214 872 254 6.
892 212 1126 255 Alamanni
1157 214 1271 255 enim
1291 217 1428 256 scuto-

77 287 171 315 rum
201 272 390 326 insignia
409 275 661 314 contuentes
692 275 848 313 norant
880 286 952 312 eos
984 272 1147 314 milites
1178 273 1426 327 permisisse

76 331 222 387 paucis
261 345 436 372 suorum
474 331 716 373 latronibus
753 333 931 383 terram,
973 345 1154 384 quorum
1190 334 1308 373 metu
1351 332 1427 374 ali-

79 389 295 444 quotiens,
340 404 434 431 cum
479 390 660 444 gradum
705 389 969 442 conferrent,
1014 390 1184 431 amissis
1227 390 1425 444 pluribus

41 465 58 490 5
79 448 219 490 abiere
257 448 450 502 dispersi.
512 463 618 502 quae
657 447 780 488 anxie
821 447 988 489 ferebat
1021 448 1233 490 sollicitus
1267 448 1426 492 Caesar

77 507 189 561 quod
219 507 419 548 trudente
451 507 546 560 ipsa
577 506 834 548 necessitate
867 505 1062 560 digresso
1094 507 1298 560 periculis
1331 523 1426 550 cum

75 566 221 619 paucis
242 565 343 606 licet
364 565 561 619 fortibus,
592 564 814 619 populosis
836 564 1035 618 gentibus
1066 579 1284 607 occurrere
1306 581 1426 621 coge-

75 624 214 665 batur.

195 684 230 724 7.
251 682 425 737 Iamque
447 683 551 724 solis
571 683 702 724 radiis
722 683 1003 724 rutilantibus
1024 684 1308 738 tubarumque
1331 699 1426 726 con-

22 759 56 784 10
77 741 242 782 cinente
264 741 464 796 clangore
496 741 715 795 pedestres
737 742 883 795 copiae
916 741 1044 783 lentis
1070 742 1308 784 incessibus
1330 744 1426 785 edu-

76 802 227 841 cuntur
247 814 476 854 earumque
509 801 636 842 lateri
662 803 880 854 equestres
912 801 1082 842 iunctae
1115 804 1212 843 sunt
1245 804 1425 857 turmae,

75 859 187 900 inter
208 873 312 913 quas
333 859 668 913 cataphractarii
689 862 813 900 erant
828 862 869 900 et
892 860 1123 914 sagittarii,
1150 860 1423 903 formidabile

76 930 208 971 genus
241 931 470 959 armorum.
533 918 570 959 8.
592 920 633 958 et
656 917 858 972 quoniam
890 933 912 959 a
947 918 1053 972 loco,
1085 919 1195 960 unde
1227 918 1425 962 Romana

73 979 273 1030 promota
318 979 417 1018 sunt
468 977 615 1031 signa,
665 976 717 1017 ad
760 991 893 1030 usque
938 977 1101 1018 uallum
1150 978 1425 1020 barbaricum

21 1051 54 1076 15
76 1037 230 1089 quarta
270 1035 397 1089 leuga
438 1035 691 1089 signabatur
732 1038 775 1076 et
804 1033 979 1077 decima
1020 1036 1063 1077 id
1105 1039 1170 1077 est
1210 1051 1341 1078 unum
1382 1041 1424 1079 et

73 1093 231 1148 uiginti
263 1093 384 1134 milia
414 1109 629 1148 passuum,
661 1094 843 1135 utilitati
870 1094 1174 1149 securitatique
1194 1099 1309 1137 recte
1330 1110 1425 1138 con-

76 1151 218 1194 sulens
240 1150 397 1193 Caesar
429 1153 640 1194 reuocatis
671 1153 1068 1206 praecursatoribus
1095 1154 1181 1195 iam
1207 1158 1424 1209 antegres-

32 1208 39 1248 ’,
74 1211 132 1252 sis
165 1210 407 1265 indictaque
441 1211 583 1253 solitis
617 1211 795 1252 uocibus
829 1211 970 1265 quiete
1003 1213 1217 1254 cuneatim
1249 1214 1424 1255 circum-

0 1302 14 1331 0
75 1269 277 1311 sistentes
310 1269 557 1324 adloquitur
590 1270 776 1324 genuina
806 1270 1055 1323 placiditate
1088 1273 1316 1313 sermonis:

1 1342 52 1381 2²0
191 1329 229 1369 9.
249 1327 401 1382 ‘Vrget
432 1329 543 1370 ratio
578 1328 728 1370 salutis
760 1328 941 1370 tuendae
975 1331 1212 1371 communis
1245 1335 1292 1372 ut
1328 1346 1424 1385 par-

18 1382 22 1384 *
72 1386 242 1428 cissime
287 1387 425 1428 dicam
463 1401 550 1428 non
594 1386 773 1428 iacentis
812 1387 945 1428 animi
986 1387 1213 1430 Caesarem
1255 1389 1423 1432 hortari

71 1459 149 1486 uos
182 1448 224 1486 et
256 1460 396 1499 orare,
436 1446 737 1487 conmilitones
769 1446 871 1499 mei,
904 1449 951 1487 ut
983 1446 1129 1488 adulta
1160 1448 1421 1503 robustaque

71 1503 231 1546 uirtute
264 1504 413 1545 confisi
446 1505 679 1546 cautiorem
710 1504 826 1546 uiam
858 1506 1002 1559 potius
1036 1506 1246 1560 eligamus
1277 1507 1329 1548 ad
1360 1511 1422 1549 to-

71 1562 247 1604 leranda
283 1563 353 1604 uel
386 1563 438 1604 ad
477 1563 729 1617 depellenda
761 1578 867 1617 quae
907 1568 1143 1618 sperantur,
1181 1580 1267 1607 non
1303 1581 1422 1620 prae-

18 1635 51 1660 25
69 1635 297 1676 properam
324 1624 366 1662 et
394 1622 636 1676 ancipitem.
690 1622 754 1663 10.
774 1626 821 1663 ut
851 1623 963 1663 enim
989 1624 1033 1665 in
1053 1624 1258 1678 periculis
1279 1625 1422 1667 iuuen-

69 1681 207 1721 tutem
238 1680 455 1734 inpigram
476 1695 567 1721 esse
601 1681 802 1722 conuenit
835 1684 876 1722 et
910 1682 1122 1736 audacem,
1155 1683 1216 1724 ita
1237 1698 1332 1726 cum
1351 1700 1420 1726 res

68 1739 274 1792 postulat,
305 1739 532 1793 regibilem
567 1743 610 1781 et
642 1740 894 1781 consultam.
958 1741 1059 1795 quid
1089 1742 1225 1796 igitur
1258 1758 1420 1798 cense0,

70 1797 106 1837 si
138 1797 365 1839 arbitrium
398 1798 582 1839 adfuerit
614 1801 824 1852 uestrum,
862 1800 1060 1854 iustaque
1099 1802 1284 1843 sustinet
1314 1803 1420 1844 indi-

69 1856 231 1909 gnatio,
244 1857 391 1910 paucis
407 1857 643 1898 abso-luam.
678 1858 744 1898 11.
763 1857 849 1898 iam
865 1858 954 1899 dies
970 1858 1015 1899 in
1028 1860 1250 1901 meridiem
1266 1862 1419 1915 uergit,

16 1926 50 1952 30
69 1913 322 1956 lassitudine
359 1930 438 1957 nos
477 1916 643 1957 itineris
685 1916 891 1970 fatigatos
938 1918 1179 1971 scrupulosi
1221 1920 1417 1962 tramites

69 1973 283 2027 excipient
314 1976 357 2014 et
388 1974 571 2028 obscuri,
612 1989 696 2016 nox
729 1978 974 2017 senescente
1007 1976 1110 2018 luna
1139 1978 1272 2019 nullis
1311 1978 1418 2020 side·
1449 1975 1451 1978 ’

67 2031 185 2072 ribus
217 2032 468 2086 adiuuanda,
498 2035 638 2074 terrae
663 2033 858 2087 protinus
880 2036 1000 2076 aestu
1031 2035 1264 2089 flagrantes
1283 2038 1415 2079 nullis

68 2104 272 2144 aquarum
319 2091 521 2133 subsidiis
566 2092 719 2134 fultae:
765 2107 870 2147 quae
910 2093 947 2134 si
985 2093 1149 2136 dederit
1190 2096 1416 2151 quisquam

68 2150 286 2191 commode
317 2165 442 2204 posse
474 2151 663 2205 transiri,
694 2151 915 2193 ruentibus
935 2151 1127 2194 hostium
1147 2155 1414 2209 examinibus

153 2267 176 2297 4
201 2274 284 2297 cum
305 2264 338 2299 G
354 2266 392 2299 in
410 2265 535 2309 aliqua
553 2269 642 2310 (-em
663 2266 718 2310 ba)
740 2265 852 2300 VPba
871 2266 925 2301 sin
943 2266 1052 2302 aliter
1069 2268 1246 2312 Eyssenh.
1295 2273 1315 2304 ὃ
1340 2271 1413 2304 tro-

67 2307 178 2342 dante
209 2308 277 2342 VP
325 2314 363 2343 11
390 2310 538 2345 iunctae
568 2311 605 2345 C,
631 2310 680 2347 F.
713 2311 768 2346 W.
792 2311 932 2346 Maller
957 2313 1111 2347 cunctae
1133 2313 1201 2348 VP
1250 2318 1290 2348 12
1315 2316 1412 2349 cata—

65 2352 210 2395 phracti
237 2353 270 2388 G
295 2354 546 2389 catafractiari
576 2355 609 2390 V
652 2360 693 2390 21
712 2366 778 2390 uos
802 2355 944 2390 hortari
968 2360 1147 2401 transpos.
1166 2359 1233 2403 hya
1280 2363 1323 2394 24
1340 2370 1412 2393 non

71 2396 176 2432 VGP
199 2409 311 2442 quam
335 2400 371 2433 A
397 2409 461 2434 om.
490 2400 509 2434 b
602 2404 643 2435 27
670 2400 770 2445 quod
794 2401 829 2435 A
921 2405 964 2436 29
988 2403 1126 2446 mergit
1155 2403 1222 2437 ΓΡ

1150 2464 1189 2494 τ*
