1573 2508
83 67 169 110 234
586 66 669 102 XXI
694 74 726 112 3,
744 74 844 115 2—4,
869 74 891 107 ⁶

85 177 272 218 exorsoS,
310 163 419 205 unde
456 162 565 204 nihil
602 166 702 217 post
739 164 871 206 ictum
902 163 1050 206 foedus
1083 163 1338 218 sperabatur
1368 161 1430 202 in-

83 223 366 276 commodum,
403 224 577 263 uastare
610 221 788 264 confinis
820 222 987 265 Raetiis
1019 225 1196 275 tractus,
1233 220 1428 275 nihilque

85 282 223 323 sinere
255 281 560 334 intemptatum
592 295 756 334 manus,
786 281 1082 336 praedatorias
1115 281 1250 322 fusius
1270 279 1430 321 discur-

83 343 240 381 rentes.
276 339 315 380 2.
337 338 447 393 quod
468 353 519 379 ne
539 339 858 381 dissimulatum
878 339 1090 381 rediuiuas
1109 339 1324 381 bellorum
1344 351 1431 379 ma-

82 399 214 440 terias
266 398 494 451 excitaret,
537 397 790 440 Libinonem
836 398 1045 453 quendam
1089 397 1289 440 comitem
1333 410 1428 438 cum
1447 404 1463 431 5

83 456 218 499 Celtis
244 459 287 498 et
306 456 608 498 Petulantibus
642 457 761 498 misit
791 457 1082 499 hiemantibus
1116 470 1272 508 secum,
1301 467 1430 509 nego·

82 516 203 569 tium,
235 518 282 556 ut
313 514 519 569 poscebat
551 515 676 569 ratiO,
707 519 1006 558 correcturum.
1063 516 1101 557 3.
1122 514 1194 570 qui
1216 529 1311 556 cum
1343 527 1431 554 ma-

81 577 175 616 ture
207 587 339 628 prope
371 574 575 628 oppidum
607 573 880 616 Sanctionem
917 575 1106 616 uenisset
1144 574 1272 628 longe
1310 572 1428 614 uisus

82 648 108 674 a
150 633 361 685 barbaris,
405 633 476 687 qui
521 632 607 673 iam
645 635 880 675 certamina
918 633 1173 674 meditantes
1219 646 1311 673 sese
1354 644 1430 685 per

81 691 218 732 ualles
263 691 530 745 abdiderant,
574 691 856 746 hortatusque
900 692 1060 733 milites
1106 691 1208 732 lieet
1250 703 1426 731 numero
1449 699 1481 724 10

80 750 264 804 inpareS‚
296 750 492 804 cupidine
524 752 670 792 tamen
699 751 918 805 pugnandi
950 750 1244 792 uehementius
1279 748 1430 790 inrita-

80 810 161 863 tos,
194 808 443 863 adgreditur
463 809 703 850 inconsulte
724 808 961 850 Germanos
983 809 1177 863 interque
1197 805 1427 849 dimicandi

81 867 255 908 exordia
293 868 384 921 ipse
423 867 609 908 concidit
646 868 836 909 omnium
873 868 1054 922 primus,
1093 867 1212 909 cuius
1251 865 1427 907 interitu

80 928 223 967 erecta
259 926 542 968 barbarorum
581 926 733 968 fiducia
765 926 1056 981 Romanisque
1095 926 1146 967 ad
1188 924 1306 966 ducis
1339 924 1428 965 uin-

80 984 240 1026 dictam
273 985 462 1026 accensis
501 988 718 1026 certamen
749 985 1035 1026 committitur
1067 984 1345 1035 obstinatum,
1385 985 1427 1023 et
1447 990 1480 1017 15

80 1045 260 1097 urgente
292 1043 602 1097 magnitudinis
634 1043 747 1084 mole
773 1043 942 1084 disiecti
974 1045 1073 1084 sinit
1104 1042 1242 1084 nostri
1274 1041 1426 1083 occisis

79 1101 227 1156 paucis
260 1104 303 1143 et
334 1102 583 1143 uulneratis.

197 1160 237 1201 4.
269 1158 376 1201 Cum
407 1159 488 1202 hoc
508 1159 769 1202 Vadomario
797 1163 839 1201 et
859 1159 1139 1202 Gundomado
1173 1159 1262 1200 eius
1294 1157 1427 1198 fratre

79 1219 228 1260 itidem
260 1232 360 1273 rege
392 1217 683 1273 Constantius,
709 1221 758 1260 ut
787 1219 873 1260 iam
906 1218 1091 1260 relatum
1124 1220 1201 1271 est,
1232 1217 1428 1258 firmaue-

78 1280 147 1319 rat
178 1292 338 1332 pacem.
405 1281 506 1332 post
539 1292 645 1332 quae
678 1280 846 1319 mortuo
880 1276 1159 1319 Gundomado
1192 1276 1303 1317 hunc
1343 1274 1427 1316 sibi
1446 1284 1480 1309 20

79 1336 169 1377 fore
202 1337 454 1378 existimans
487 1337 617 1377 fidum
651 1339 994 1390 secretorumque
1020 1335 1282 1377 taciturnum
1315 1348 1426 1374 exse-

78 1398 271 1436 cutorem
312 1398 349 1435 et
389 1395 604 1436 efficacem
646 1395 890 1448 mandabat,
933 1395 967 1436 si
1009 1394 1148 1435 famae
1182 1393 1315 1435 solius
1357 1391 1426 1433 ad-

78 1453 289 1494 mittenda
322 1456 387 1495 est
432 1453 548 1507 fides,
593 1454 906 1508 scribebatque,
947 1456 994 1494 ut
1037 1456 1258 1507 tamquam
1296 1454 1424 1504 rupto

78 1512 328 1554 concordiae
367 1515 494 1566 pacto
527 1512 704 1553 subinde
738 1512 977 1554 conlimitia
1015 1512 1097 1552 sibi
1129 1511 1271 1552 uicina
1303 1523 1425 1551 uexa-

77 1573 155 1623 ret,
188 1585 270 1624 quo
303 1569 496 1612 lulianus
528 1571 570 1611 id
604 1573 795 1612 metuens
829 1585 1036 1625 nusquam
1070 1585 1095 1610 a
1125 1569 1263 1610 tutela
1294 1568 1425 1609 disce·
1445 1578 1477 1603 25

77 1629 197 1670 deret
235 1628 486 1670 Galliarum.
548 1629 586 1669 5.
625 1630 797 1683 quibus,
841 1631 888 1670 ut
925 1629 1102 1683 dignum
1142 1630 1207 1669 est
1244 1626 1425 1678 credere,

77 1687 380 1741 obtemperans
413 1687 700 1728 Vadomarius
733 1688 838 1728 haec
871 1690 913 1727 et
944 1687 1104 1728 similia
1136 1685 1424 1740 perpetrabat,

76 1745 130 1787 ad
167 1747 539 1800 perstringendum
578 1746 895 1800 fallendumque
935 1746 1055 1786 miris
1094 1745 1232 1786 modis
1271 1743 1325 1785 ab
1359 1757 1424 1784 ae-

75 1805 180 1846 tatis
211 1805 416 1858 primitiis
449 1805 621 1858 callens,
654 1808 701 1846 ut
734 1808 884 1859 postea
917 1818 1084 1859 quoque
1116 1803 1317 1844 ducatum
1348 1816 1423 1855 per

75 1862 319 1904 Phoenicen
351 1877 503 1917 regens
536 1863 735 1904 ostendit.
797 1863 869 1904 sed
897 1878 941 1904 re
974 1863 1068 1916 ipsa
1101 1862 1320 1903 conuictus
1354 1860 1423 1901 ab·
1443 1871 1476 1896 ³0

75 1922 240 1963 stinuit.
302 1925 427 1976 capto
468 1922 579 1963 enim
619 1937 643 1963 a
682 1922 947 1963 stationariis
987 1921 1197 1962 militibus
1241 1919 1423 1971 notario,

165 2081 184 2110 ‘2
210 2079 356 2111 uastare
382 2078 447 2121 baa
473 2078 610 2111 fastare
641 2077 708 2112 ΓΙ)
800 2082 819 2111 3
844 2077 963 2111 sinere
996 2076 1136 2110 VGAP
1168 2074 1372 2109 sententiae
1405 2073 1425 2107 b

73 2125 95 2157 8
121 2121 263 2156 uenisse
295 2121 361 2156 VP
468 2127 506 2156 10
538 2122 761 2156 addiderant
791 2121 857 2156 VI’
963 2126 1001 2154 12
1027 2120 1098 2164 adg„
1086 2119 1246 2153 reditur
1283 2118 1425 2152 VGAP

73 2175 141 2201 om.
167 2166 226 2200 ΙΝ)
320 2171 360 2200 13
385 2166 512 2200 condit
542 2166 607 2200 ΓΡ
702 2170 741 2200 19
760 2166 966 2207 reuelatum
999 2165 1031 2198 Γ
1119 2168 1156 2198 21
1187 2164 1420 2198 executorem

72 2210 118 2255 by
159 2212 373 2245 exsecutore
421 2211 451 2243 Γ
563 2215 605 2245 22
649 2211 839 2245 efficacem
883 2210 1047 2245 Valesius
1088 2209 1314 2243 effacitatem
1357 2206 1423 2241 VP

73 2248 245 2290 fecialem
271 2256 333 2300 hya
383 2255 477 2289 mad
472 2256 560 2290 ibat
601 2255 633 2289 V
722 2260 764 2289 24
801 2255 1019 2289 concordiae
1054 2255 1086 2287 (r
1123 2251 1361 2288 sanecordiae
1394 2251 1426 2284 Γ

73 2311 161 2334 sane
187 2300 405 2334 concordiae
430 2300 510 2334 Pha
565 2303 608 2334 26
635 2301 687 2344 ut]
715 2302 753 2334 et
781 2299 848 2334 VI’
908 2304 950 2333 29
974 2298 1148 2344 primitiis
1172 2296 1346 2342 primitiis
1378 2295 1409 2329 Γ
1414 2298 1422 2318 ¹

73 2348 117 2378 30
142 2344 331 2379 conuictus
362 2344 392 2378 1
396 2344 465 2378 ΟΛ
491 2345 706 2379 coniunctus
729 2345 810 2389 qu
