1573 2508
153 101 234 143 156
653 95 775 132 XVIII
801 99 833 139 5,
857 98 956 138 6—6‚
981 97 1002 129 5

153 197 198 236 ut
229 193 462 244 iactabant,
501 205 526 232 a
558 190 764 245 grauibus
795 189 981 231 inimicis
1013 191 1057 231 et
1086 188 1328 231 metuendis
1364 188 1500 232 inces-

153 256 329 294 seretur.

269 311 308 352 6.
339 309 453 350 Dum
483 308 589 349 haec
619 307 665 349 in
684 307 837 349 castris
857 305 1103 348 Constantii
1125 306 1247 361 quasi
1267 320 1342 360 per
1360 306 1501 349 lustra.

152 371 338 424 agimtur
370 370 413 409 et
452 381 648 408 scaenam
686 368 729 407 et
766 365 1012 407 diribitores
1050 364 1317 406 uenundatae
1355 365 1499 408 subito

150 426 381 482 potestatis
430 425 617 480 pretium
660 439 736 479 per
778 424 969 478 potiores
1013 423 1288 464 diffimditant
1336 424 1499 479 domos,
1517 433 1536 460 ⁵

152 486 396 528 Antoninus
435 485 489 526 ad
526 485 641 539 regis
680 483 860 525 hiberna
896 482 1124 537 perductus
1157 484 1333 523 auenter
1371 482 1500 524 susci-

150 545 267 600 pitur
298 547 342 586 et
373 543 505 598 apicis
543 543 797 585 nobilitatus
837 541 1095 583 auctoritate
1128 565 1183 570 —
1217 555 1299 595 quo
1337 540 1500 583 honore

150 603 466 659 participantur
497 616 670 643 mensae
702 601 871 655 regales
905 603 947 641 et
978 599 1231 641 meritorum
1263 599 1372 654 apud
1402 599 1501 641 Per-

153 678 222 704 sas
255 662 308 704 ad
340 661 601 703 suadendum
633 660 913 714 ferendasque
946 659 1180 700 sententias
1218 658 1263 699 in
1295 658 1502 700 contioni-

151 722 231 763 bus
253 735 329 762 ora
359 720 602 775 panduntur
623 743 676 748 —
698 733 784 760 non
817 718 954 759 contis
974 732 1051 758 nec
1082 716 1271 758 remulco
1292 719 1339 758 ut
1367 717 1501 771 aiunt,
1521 728 1556 753 ιθ

152 780 195 822 id
228 782 292 820 est
323 794 410 820 non
440 778 682 832 flexiloquis
703 777 957 831 ambagibus
977 776 1046 817 uel
1067 776 1274 829 obscuris,
1307 775 1380 816 sed
1399 776 1502 817 ueli-

154 838 355 880 ficatione
387 837 516 892 plena
548 837 593 877 in
623 851 715 877 rem
745 835 963 890 publicam
995 835 1216 876 ferebatur
1243 834 1504 889 eundemque

154 897 340 938 incitans
372 909 518 950 regem
550 898 598 936 ut
630 895 844 950 quondam
875 893 1102 935 Maharbal
1139 892 1412 934 lentitudinis
1443 893 1505 934 in·

155 970 332 1010 crepans
369 954 679 1008 Hannibalem,
717 968 843 1007 posse
882 967 978 993 eum
1009 952 1178 993 uincere
1218 951 1293 993 sed
1323 951 1506 993 uictoria

154 1015 218 1056 uti
251 1014 414 1055 nescire
448 1013 621 1054 adsidue
653 1011 939 1066 praedicabat.
1003 1011 1040 1051 7.
1073 1010 1276 1051 educatus
1309 1011 1423 1052 enim
1459 1010 1505 1052 in
1524 1020 1561 1046 1⁵

155 1073 294 1114 medio
332 1074 380 1113 ut
417 1086 559 1113 rerum
597 1071 787 1112 omnium
832 1083 990 1124 gnarus
1036 1069 1281 1110 auditorum
1323 1071 1504 1110 nanctus

154 1131 312 1186 uigiles
357 1145 505 1171 sensus
551 1132 593 1170 et
637 1130 804 1171 aurium
842 1128 1130 1169 delenimenta
1167 1130 1390 1181 captantes
1427 1141 1506 1169 nec

154 1189 423 1232 laudantium
464 1188 538 1230 sed
577 1188 807 1230 secundum
849 1186 1103 1228 Homericos
1147 1185 1365 1228 Phaeacas
1409 1199 1505 1228 cum

155 1249 329 1291 silentio
362 1247 666 1290 admirantium
698 1247 784 1288 iam
815 1246 913 1287 inde
940 1244 1259 1300 quadragesimi
1291 1245 1391 1286 anni
1422 1259 1506 1286 me-

156 1308 338 1349 moriam
377 1307 627 1361 replicabat,
668 1308 768 1359 post
804 1304 1018 1346 bellorum
1056 1303 1254 1345 adsiduos
1297 1318 1420 1345 casus
1463 1306 1507 1346 et
1525 1314 1562 1340 2⁰

157 1366 342 1408 maxime
376 1365 485 1419 apud
512 1364 703 1406 Hileiam
735 1367 778 1405 et
810 1362 1052 1418 Singaram,
1083 1362 1157 1403 ubi
1190 1362 1399 1404 acerrima
1428 1362 1508 1404 illa

155 1428 365 1466 nocturna
385 1423 702 1465 concertatione
734 1425 971 1477 pugnatum
998 1424 1076 1474 est,
1105 1423 1351 1463 nostrorum
1371 1421 1507 1475 copiis

156 1483 323 1538 ingenti
356 1486 501 1537 strage
534 1482 742 1523 confossis
765 1482 886 1536 quasi
907 1480 1133 1521 dirimente
1153 1480 1338 1534 quodam
1366 1480 1506 1521 medio

156 1542 296 1583 fetiali
327 1540 481 1582 Persas
513 1541 702 1582 nondum
733 1540 941 1581 Edessam
972 1553 1048 1579 nec
1086 1541 1239 1592 pontes
1271 1538 1507 1593 Euphratis

156 1601 354 1654 tetigisse
394 1600 599 1652 uictores,
637 1613 744 1653 quos
783 1597 1090 1652 armipotentia
1126 1597 1262 1638 fretos
1307 1597 1543 1639 successi-2

157 1660 322 1714 busque
354 1658 594 1711 magnificis
631 1658 695 1698 ita
731 1657 936 1698 dilatasse
974 1656 1175 1696 decuerat
1212 1670 1304 1698 rem
1342 1658 1385 1697 et
1421 1671 1509 1697 ma-

158 1718 270 1759 xime
303 1731 352 1758 eo
386 1720 578 1770 tempore
612 1730 693 1770 quo
720 1715 930 1757 diuturnis
963 1714 1178 1755 bcllorum
1211 1715 1402 1756 ciuilium
1422 1728 1508 1755 mo-

158 1777 274 1818 tibus
308 1775 483 1829 sanguis
516 1775 731 1828 utrimque
764 1773 949 1815 Romani
981 1773 1147 1814 roboris
1180 1773 1449 1814 fundebatur.

278 1835 316 1876 8.
348 1834 429 1875 His
475 1848 522 1874 ac.
566 1833 728 1874 talibus
774 1832 953 1874 subinde
990 1831 1103 1872 inter
1147 1831 1294 1885 epulas
1339 1831 1508 1873 sobrius

158 1894 350 1948 perfuga,
381 1892 455 1933 ubi
475 1892 525 1932 de
547 1895 755 1945 apparatu
786 1891 998 1932 bellorum
1030 1892 1074 1930 et
1108 1890 1230 1931 seriis
1250 1890 1378 1932 rebus
1399 1889 1510 1944 apud
1529 1902 1544 1926 ³

160 1967 232 1993 eos
254 1951 482 1992 Graiorum
514 1965 632 1991 more
665 1953 859 1991 ueterum
880 1948 1160 2002 consultatur,
1192 1961 1339 2003 regem
1371 1949 1510 1990 incen-

159 2011 289 2051 debat
322 2009 553 2062 ardentem,
591 2011 638 2049 ut
676 2012 826 2049 exacta
857 2008 996 2048 hicme
1037 2007 1185 2048 statim
1219 2022 1337 2049 arma
1373 2007 1509 2048 fretus

162 2068 361 2109 fortunae
412 2082 512 2109 suae
557 2067 852 2121 magnitudine
898 2066 1153 2120 concitaret,
1201 2065 1293 2120 ipse
1343 2079 1510 2121 quoque

1145 2203 1216 2229 lena

255 2243 294 2272 11
320 2238 357 2271 id
385 2239 441 2271 est
465 2257 503 2262 —
532 2237 696 2271 obscuris
723 2237 791 2272 del.
822 2236 988 2270 Valesius
1060 2240 1098 2270 12
1124 2211 1224 2270 iacta
1249 2235 1283 2269 V
1350 2240 1390 2271 17
1415 2235 1509 2281 uigi-

159 2284 214 2319 les
233 2283 265 2317 G
291 2282 429 2327 uigiliis
455 2282 533 2316 eius
565 2281 630 2316 VP
647 2281 884 2326 uigilissimos
900 2280 1077 2325 Eyssenh.
1124 2284 1166 2314 26
1184 2280 1362 2315 decuerat
1378 2291 1455 2315 rem
1477 2280 1512 2315 G-

161 2328 449 2363 decueratarcnt
481 2326 591 2361 VPba
617 2327 682 2360 lac.
707 2327 819 2361 indic.
844 2325 1020 2370 Eyssenh.
1069 2325 1107 2359 et
1135 2324 1309 2369 Eysscnh.
1337 2336 1380 2360 eo
1405 2325 1510 2360 codd.

161 2378 203 2408 ‘27
219 2384 262 2408 eo
278 2372 344 2421 Vp
361 2383 426 2406 om.
441 2372 508 2416 hya
555 2376 597 2406 29
612 2371 758 2406 subi-ius
780 2371 844 2405 VP
889 2374 930 2405 31
944 2369 1140 2404 Graiorum
1155 2370 1222 2414 bya
1238 2370 1428 2413 gratorum
1444 2369 1512 2404 VP
