1614 2549
168 555 201 587 2.
227 553 399 588 Arsacem

680 94 911 133 IVLIANVS
936 100 1002 134 363

1407 102 1490 145 307

629 260 805 304 LIBER
836 261 998 303 XXIII.

169 353 200 384 1.
227 350 404 385 Iulianus
419 351 466 387 A
485 352 657 396 templum
674 353 777 395 apud

226 395 482 441 Hierosolyma
500 397 648 440 pridem
673 398 776 431 diru-

227 444 314 519 turgt,
337 441 481 483 frustra
496 442 707 476 instaurare
724 452 779 476 co-

224 497 275 520 na
293 497 350 520 ur.

442 555 538 589 idem
577 555 775 590 Armeniae

224 608 339 642 reycm
364 599 414 633 acl
438 600 567 634 bellum
583 600 774 634 Persicum

217 644 353 686 parari
378 644 486 685 iubet,
512 647 544 678 et
569 655 649 679 cam
674 655 773 679 exer—

222 689 299 721 citu
315 699 358 722 ac
376 688 592 733 Scytharum
616 690 775 724 auxiliis

221 734 358 767 transit
381 733 622 777 Euphratem.

187 825 197 835 .
221 801 375 835 Iuliano
416 803 461 836 A.
500 813 569 845 per
604 801 769 845 Mesopo-

221 847 373 881 tamiam
397 847 464 881 iter
481 847 638 888 facienti
662 849 771 881 Sara-

221 901 392 926 cenarum
443 893 606 936 yentium
653 892 772 936 reyuli

220 946 389 971 coronam
405 948 556 972 auream
573 940 605 972 et
621 937 770 971 auxilia

880 626 911 658 5.

938 354 1141 388 adueniens
1180 356 1377 391 consternit
1411 357 1489 393 Eu-

934 399 1113 441 phratem.

882 445 912 476 4.
940 443 1198 486 descriptiones
1206 446 1416 481 muralium
1414 458 1488 481 ma-

938 489 1141 530 chinarum,
1181 489 1355 533 ballistae,
1391 501 1486 526 scor-

933 533 1059 577 pionis
1089 533 1148 567 uel
1171 536 1313 579 onayri,
1345 536 1486 578 arietis,

935 578 1035 621 helep
1038 578 1140 620 oleos,
1167 589 1211 613 ac
1233 580 1404 614 malleoli.

936 622 1114 656 Iulianus
1143 623 1189 657 A.
1223 625 1327 668 apud
1366 625 1485 660 Circe-

936 668 1031 702 sium
1054 668 1214 702 Aboram
1244 670 1380 712 flumen
1403 681 1486 704 cum

935 713 1034 746 omni
1036 713 1100 747 bus
1108 714 1222 756 copiis
1229 718 1344 757 ponte
1350 715 1488 749 nauali

934 758 1219 801 transqreclitur,
1238 762 1270 793 et
1281 760 1416 794 milites
1432 760 1484 794 al-

934 802 1108 845 loquitur.

937 847 1193 881 describuntur
1217 848 1371 882 maiores
1397 858 1483 892 pro·
1506 846 1513 853 ’

932 892 1080 926 uinciae
1103 892 1258 926 XVIII
1275 893 1381 937 reyni
1392 895 1484 928 Per-

931 947 1066 977 sarum,
1091 948 1170 971 ‘etna
1186 948 1267 971 cum
1281 948 1360 972 suis
1376 948 1483 981 quae-

931 992 1000 1025 que
1025 982 1185 1024 urbibus,
1212 992 1391 1026 moresque
1415 994 1483 1018 na-

220 981 317 1015 ultro
333 981 506 1024 offerunt:
524 982 649 1017 classis
665 981 768 1016 Rom.
931 1026 963 1060 t.

951 1036 1084 1061 tonum.

222 1026 318 1060 mille
358 1030 391 1060 ct
430 1030 573 1061 centum
612 1026 770 1061 nauium

250 1119 290 1162 1.
328 1122 363 1162 1.
395 1120 513 1163 Haec
546 1135 594 1162 eo
629 1135 738 1162 anno
771 1145 826 1150 ——
857 1124 905 1162 ut
934 1123 1254 1175 praetereamus
1286 1123 1481 1176 negotio-

127 1195 222 1221 rum
266 1180 469 1222 minutias
514 1204 569 1209 ——
609 1181 861 1234 agebantur.
923 1180 1115 1221 Iulianus
1154 1195 1254 1222 uero
1294 1181 1381 1222 iam
1412 1183 1480 1223 ter

128 1239 289 1293 consul,
333 1239 497 1280 adscito
538 1239 583 1280 in
621 1239 852 1293 collegium
897 1239 1074 1281 trabeae
1108 1238 1316 1281 Sallustio
1360 1255 1480 1294 prae-

126 1298 239 1339 fecto
280 1313 356 1351 per
400 1297 578 1351 Gallias,
624 1300 775 1352 quater
819 1298 910 1352 ipse
961 1298 1276 1352 amplissimum
1320 1299 1478 1341 inierat

90 1369 106 1395 5
126 1357 448 1411 magistratum:
479 1358 520 1397 et
550 1357 778 1398 uidebatur
809 1371 967 1398 nouum
1001 1357 1247 1398 adiunctum
1282 1372 1373 1399 esse
1392 1357 1480 1400 Au·-

127 1419 254 1470 gusto
287 1416 517 1469 priuatum,
551 1415 663 1470 quod
693 1418 792 1469 post
823 1415 1144 1456 Diocletianum
1178 1418 1221 1457 et
1251 1415 1478 1458 Aristobu-

125 1474 215 1516 lum
251 1474 395 1515 nullus
433 1475 688 1515 meminerat
733 1477 914 1528 gestum.
977 1475 1014 1515 2.
1060 1477 1102 1515 et
1141 1474 1243 1515 licet
1288 1475 1478 1517 acciden-

124 1533 235 1575 tium
266 1533 524 1574 uarietatem
558 1533 746 1574 sollicita
784 1536 925 1574 mente
962 1533 1230 1587 praecipiens
1269 1534 1477 1588 multipli-

125 1595 244 1633 catos
277 1591 561 1645 expeditionis
595 1595 827 1645 apparatus
860 1592 1064 1646 flagranti
1097 1592 1237 1633 studio
1267 1606 1476 1659 perurge-

72 1663 106 1688 10
125 1654 205 1704 r‚et
236 1650 510 1704 diligentiam
542 1652 686 1691 tamen
717 1650 874 1705 ubique
895 1650 1089 1692 diuidens
1122 1651 1376 1706 imperiique
1409 1652 1475 1692 sui

123 1709 375 1750 memoriam
418 1709 714 1763 magnitudine
759 1724 936 1763 operum
980 1710 1168 1764 gestiens
1218 1723 1475 1766 propagare,

123 1768 402 1809 ambitiosum
446 1767 660 1821 quondam
704 1769 815 1822 apud
855 1767 1208 1822 Hierosolymam
1251 1769 1475 1824 templum,

123 1827 237 1880 quod
279 1828 379 1880 post
416 1826 554 1867 multa
593 1828 635 1867 et
678 1826 943 1868 interneciua
982 1826 1217 1868 certamina
1249 1827 1475 1869 obsidente

122 1883 390 1940 Vespasiano
422 1888 657 1939 posteaque
685 1885 784 1926 Tito
819 1898 945 1939 aegre
979 1888 1044 1926 est
1077 1887 1381 1941 expugnatum,
1413 1886 1475 1928 in-

69 1956 103 1983 15
124 1946 316 1985 staurare
355 1944 595 1997 sumptibus
629 1944 851 1998 cogitabat
889 1944 1127 1999 inmodicis,
1165 1944 1473 1999 negotiumque

121 2003 423 2044 maturandum
466 2002 627 2057 Alypio
673 2002 848 2043 dederat
891 2002 1193 2056 Antiochensi,
1244 2003 1317 2057 qui
1366 2004 1472 2045 olim

120 2060 389 2103 Brittannias
429 2064 653 2102 curauerat
696 2076 773 2115 pro
811 2062 1052 2115 praefectis.
1113 2062 1152 2103 3.
1191 2075 1287 2103 cum
1324 2062 1471 2117 itaque

120 2120 184 2161 rei
215 2120 327 2161 idem
364 2120 536 2161 fortiter
573 2120 757 2161 instaret
787 2119 972 2174 Alypius
1011 2122 1263 2180 iuuaretque
1300 2122 1471 2175 prouin-

213 2250 229 2279 1
255 2246 298 2279 ut
320 2246 388 2291 ἔνθα
410 2256 482 2281 om.
506 2246 608 2281 codd.
658 2247 895 2291 negotiorum
918 2246 1022 2281 VAP
1047 2257 1114 2281 om.
1131 2247 1206 2282 Rbc
1307 2252 1347 2281 10
1372 2246 1468 2280 diffi-

119 2290 210 2324 dens
231 2290 369 2335 VPbya
418 2294 458 2325 12
482 2290 771 2335 hierosolymam
787 2291 893 2336 Pbya
915 2291 1156 2326 hierosolima
1258 2296 1299 2326 14
1322 2292 1469 2335 postea-

119 2346 191 2378 que
219 2335 290 2370 ΘΑ
313 2337 510 2380 positaque
540 2336 608 2371 VP
632 2337 719 2379 post
740 2336 869 2380 itaque
888 2336 907 2371 b
939 2337 1217 2415 expugnatumV
1215 2337 1249 2372 G
1273 2347 1468 2407 oppugna-

118 2381 199 2414 tum
229 2379 343 2415 VPba
437 2384 477 2414 16
503 2380 735 2415 anthiocensi
757 2402 801 2407 -——
825 2381 1048 2416 brittannias
1072 2381 1217 2417 addV

1182 2439 1253 2474 20*
