1573 2508
1360 0 1397 10 t-
1437 0 1573 79 ³¹!

152 157 297 211 soluit,
328 174 404 213 per
424 161 678 208 Druentiam
705 168 862 212 flumen
895 175 1138 229 gurgitibus
1160 181 1282 234 uagis
1315 183 1501 228 intutum

149 216 347 269 regiones
381 223 606 275 occupauit
630 225 846 270 Etruscas.
908 231 1111 277 hactenus
1145 252 1272 292 super
1302 240 1500 296 Alpibus.

147 287 258 315 nunc
292 276 344 316 ad
378 281 584 322 restantia
617 285 849 329 ueniamus

265 332 334 375 ll.
370 336 403 376 1.
425 336 707 393 Temporibus
736 346 888 398 priscis
914 363 1008 391 cum
1039 352 1223 396 laterent
1247 356 1327 400 hae
1350 363 1496 413 partes

146 395 190 430 ut
207 391 427 448 barbarae,
442 397 682 451 tripertitae
696 402 828 445 fuisse
849 408 1076 451 creduntur
1090 411 1135 452 in
1149 411 1292 457 Celtas
1308 419 1494 462 eosdem·
1512 433 1529 460 5

145 463 224 501 que
257 451 406 493 Gallos
439 454 600 498 diuisae
633 463 677 500 et
707 461 947 517 Aquitanos
982 472 1024 509 et
1051 468 1221 525 Belga-s,
1254 474 1402 529 lingua
1432 478 1493 521 in-

142 507 306 549 stitutis
346 510 595 569 legibusque
628 517 929 575 discrepantes.
985 528 1023 567 2.
1053 531 1096 568 et
1127 530 1274 574 Gallos
1309 535 1492 591 quidem,

141 565 213 618 qui
257 565 403 610 Celtae
445 577 553 626 sunt,
595 576 648 616 ab
689 578 920 633 Aquitanis
963 587 1180 629 (J'arumna
1220 591 1491 637 disterminat

140 623 313 679 flumen,
355 643 380 668 a
420 628 650 684 Pyrenaeis
692 637 834 680 oriens
878 642 1061 685 collibus
1106 650 1287 702 postque
1331 653 1489 706 oppida

140 683 273 724 multa
295 689 539 731 transcursa
560 691 603 732 in
624 707 780 737 oceano
802 697 1066 744 delitescens.
1111 705 1149 746 3.
1171 721 1195 747 a
1214 707 1362 763 Belgis
1383 726 1484 754 uero
1507 728 1539 752 ιο

137 741 313 783 eandem
351 749 523 798 gentem
556 749 756 795 Matrona
787 756 987 801 discindit
1019 765 1061 802 ct
1094 761 1301 819 Sequana,
1339 784 1483 813 amnes

137 801 445 853 magnitudinis
478 810 697 859 geminae:
734 814 805 867 qui
839 816 1016 860 fluentes
1050 835 1124 874 per
1154 822 1482 878 Lugdunensem

134 861 230 909 post
262 860 615 909 circumclausum
648 871 811 914 ambitu
843 875 1021 918 insulari
1044 879 1307 925 Parisiorum
1334 889 1482 930 castel-

132 915 232 969 lum,
269 917 484 963 Lutetiam
516 928 700 981 nomine,
738 935 1016 977 consociatim
1055 943 1243 982 meantes
1285 946 1480 997 protinus

134 987 266 1028 prope
299 982 440 1022 castra
464 982 718 1029 Constantia.
748 991 982 1035 funduntur
1014 996 1058 1036 in
1090 1012 1217 1040 meuc.
1267 1003 1305 1042 4.
1325 1002 1478 1047 horum
1500 1014 1533 1040 ¹⁵

129 1034 319 1076 onmium
352 1040 462 1092 apud
483 1046 646 1085 ueteres
668 1045 828 1102 Belgae
849 1051 1099 1096 dicebantur
1129 1072 1220 1099 esse
1253 1060 1476 1106 fortissimi

127 1105 176 1131 ea
217 1098 406 1150 propter,
451 1101 561 1153 quod
600 1103 653 1144 ab
694 1105 943 1151 humaniore
976 1113 1092 1155 cultu
1137 1113 1264 1171 longe
1303 1120 1475 1165 disereti

125 1163 200 1190 nec
233 1151 485 1198 aduenticiis
519 1160 750 1206 effeminati
771 1166 946 1223 deliciis,
979 1171 1050 1213 diu
1077 1188 1173 1215 cum
1204 1179 1474 1223 transrhena-

124 1208 190 1248 nis
224 1214 440 1255 certauere
463 1215 699 1262 Germanis.
762 1224 800 1265 5.
820 1225 1029 1281 Aquitani
1062 1232 1187 1287 enim,
1214 1235 1266 1276 ad
1293 1251 1471 1292 quorum

123 1265 252 1309 litora
283 1273 331 1311 ut
368 1275 563 1325 proxima
602 1279 852 1337 placidaque
885 1300 1044 1329 merces
1078 1291 1343 1337 aduenticiae
1375 1312 1469 1340 con·
1489 1307 1524 1332 2⁰

122 1324 345 1382 uehuntur,
378 1334 569 1376 moribus
603 1339 655 1379 ad
688 1341 915 1384 mollitiem
949 1346 1080 1400 lapsis
1114 1350 1238 1392 facile
1271 1353 1315 1395 in
1341 1355 1469 1399 dicio-

123 1398 218 1424 nem
253 1401 405 1430 uenere
437 1390 688 1438 Romanam.
757 1401 794 1441 6.
827 1404 1087 1455 regebantur
1125 1413 1266 1452 autem
1300 1413 1467 1458 Galliae

117 1455 262 1484 omnes
296 1445 379 1487 iam
401 1449 510 1505 inde,
531 1454 592 1494 uti
613 1457 842 1501 crebritate
876 1461 1086 1506 bellorum
1107 1471 1277 1521 ingenti
1303 1487 1465 1516 cessere

118 1499 227 1542 lulio
273 1503 489 1561 dictatori,
540 1516 752 1564 potestate
798 1518 840 1559 in
884 1527 1026 1573 partes
1071 1524 1209 1568 diuisa
1250 1533 1464 1588 quattuor,

115 1574 293 1612 quarum
320 1562 614 1611 Narbonensis
635 1587 717 1615 una
750 1574 1035 1623 Viennensem
1069 1583 1180 1626 intra
1205 1602 1250 1628 se
1276 1591 1463 1633 contine-
1482 1600 1517 1625 2⁵

115 1617 187 1658 bat
229 1623 269 1660 ct
311 1621 656 1677 Lugdunensem:
698 1633 833 1676 altera
866 1637 1095 1692 Aquitanis
1136 1651 1333 1697 praeerat
1372 1651 1461 1692 uni-

113 1677 267 1718 uersis:
305 1684 567 1735 superiorem
610 1692 651 1730 et
693 1691 936 1737 inferiorem
971 1698 1244 1745 Germaniam
1286 1705 1459 1762 Belgas-

110 1748 190 1787 que
212 1736 317 1779 duae
345 1740 660 1789 iurisdictiones
689 1750 820 1793 isdem
849 1769 993 1797 rexere
1020 1761 1297 1814 temporibus.
1349 1766 1385 1807 7.
1412 1772 1457 1809 at

108 1807 218 1835 nunc
250 1806 526 1843 numerantur
558 1808 804 1858 prouinciae
837 1827 910 1865 per
933 1830 1099 1858 onmem
1127 1821 1335 1864 ambitum
1357 1824 1455 1867 Gal-

106 1850 279 1895 liarum:
312 1859 495 1901 secunda
521 1862 761 1921 Germania,
795 1871 934 1923 prima
965 1875 1017 1914 ab
1052 1877 1304 1922 occidentali
1337 1897 1452 1926 exor-
1471 1893 1508 1918 ³0

104 1909 222 1952 diens
256 1915 438 1971 cardine,
475 1920 719 1977 Agrippina
752 1931 794 1968 et
826 1928 1012 1985 Tungris
1045 1937 1227 1991 munita,
1269 1940 1451 1984 ciuitati·

105 1967 181 2008 bus
215 1973 370 2025 amplis
403 1979 446 2017 et
477 1981 673 2033 copiosis.
736 1986 773 2027 8.
807 1987 903 2030 dein
936 1991 1074 2043 prima
1106 1994 1344 2052 Germania,
1376 2001 1448 2043 ubi

99 2030 269 2078 practer
307 2032 391 2073 alia
425 2039 656 2093 municipia
687 2042 985 2098 Mogontiacus
1024 2054 1089 2093 est
1127 2057 1169 2094 et
1202 2055 1446 2112 Vangiones

100 2088 142 2124 et
173 2085 378 2130 Nemetae
412 2097 453 2133 vt
485 2095 803 2147 Argentoratus
836 2105 1070 2149 barbaricis
1103 2112 1295 2156 cladibus
1333 2121 1446 2160 nota.

161 63 213 104 72
698 74 765 109 xv
793 81 845 120 11,
876 83 983 115 1—16

186 2251 204 2280 2
230 2248 328 2295 Ena]
357 2251 551 2290 Tauriscus
584 2258 751 2304 Wo'lfslin
847 2268 914 2301 ‘''10
939 2280 1028 2305 uero
1060 2283 1133 2307 com
1153 2276 1271 2310 ›endio
1299 2287 1366 2312 scr.
1395 2278 1440 2312 V²

93 2299 165 2340 ηρζι
191 2292 232 2333 Q.
262 2298 300 2328 ιιι
328 2296 444 2331 uoluit
463 2299 639 2344 Eyssenh.
691 2310 727 2340 11
749 2308 925 2346 discindit
944 2314 977 2348 G
995 2286 1188 2353 descendit
1209 2319 1276 2355 VP
1324 2326 1365 2358 14
1384 2322 1438 2358 lu-

91 2335 182 2370 ticia
212 2336 245 2371 V
334 2344 475 2377 meanti
501 2350 741 2394 meantesque
774 2352 905 2400 VPbya
1005 2364 1044 2394 31
1073 2362 1245 2408 agripina
1273 2367 1308 2399 V
