1573 2508
97 52 180 95 268
616 49 714 84 XXll
739 53 771 92 3,
798 53 899 93 6-4,
923 55 944 85 5

100 146 172 187 sed
211 160 306 187 cum
346 160 389 186 se
426 144 540 184 iuste
577 143 822 185 defenderet
863 143 1036 186 tandem
1074 143 1184 185 abiit
1233 142 1446 185 innoxius.

101 206 139 245 6.
160 204 390 258 iniquitate
424 201 557 243 simili
575 202 821 244 Florentius
841 206 944 245 tunc
963 202 1172 256 magister
1193 201 1447 257 officiorum,

100 262 347 317 Nigriniani
380 260 508 313 filius,
539 264 765 302 contrusus
798 265 864 303 est
894 261 940 302 in
970 260 1156 302 insulam
1181 260 1446 302 Delmatiam

100 322 226 363 Boas.
288 320 398 361 alter
437 319 551 360 enim
588 319 847 374 Florentius,
885 334 936 361 ex
972 319 1190 373 praefecto
1227 318 1446 373 praetorio

103 379 250 421 consul
272 378 404 420 etiam
424 382 530 431 tum,
562 392 705 419 rerum
725 379 967 420 mutatione
988 377 1132 419 subita
1151 377 1328 419 territus
1348 391 1446 419 cum
1464 388 1483 415 ὁ

102 439 282 491 coniuge
307 436 512 491 periculis
545 441 766 490 exemptus
787 437 860 478 diu
881 436 1064 489 delituit,
1095 451 1173 477 nec
1192 436 1328 476 redire
1349 438 1448 477 ante

101 500 285 538 mortem
330 495 474 549 potuit
514 495 690 545 Iuliani,
735 496 888 549 capitis
933 495 1111 537 crimine
1155 498 1299 536 tamen
1333 493 1449 535 dam-

100 560 226 596 natus
272 556 337 595 est
381 554 547 595 absens.
611 555 649 595 7.
680 554 773 607 pari
806 557 921 595 sorte
961 553 1180 607 Euagrius
1213 567 1353 594 comes
1385 552 1449 594 rei

99 615 294 668 priuatae
328 616 370 654 et
403 611 659 654 Saturninus
693 627 742 653 ex
781 627 882 654 cura
918 612 1073 667 palatii
1105 615 1148 653 et
1180 611 1365 665 Cyrinus
1397 625 1448 652 ex
1539 656 1543 662 ,

99 673 268 714 notario
306 671 469 725 portati
509 674 609 712 sunt
647 671 690 711 in
729 671 917 712 exilium.
968 670 1128 712 ‘'Vi-suli
1160 684 1262 711 uero
1298 683 1447 711 necem
1466 681 1502 707 10
1543 663 1565 722 ζ’

99 730 383 785 largitionum
416 730 586 770 comitis
619 730 714 783 ipsa
745 729 853 770 mihi
891 730 1061 771 uidetur
1104 729 1227 770 flesse
1259 728 1446 782 Iustitia,
1544 731 1565 741 ”

100 791 405 844 imperatorem
439 801 621 842 arguens
654 791 702 829 ut
734 788 994 845 ingratum-,3l
1028 802 1124 829 cum
1156 787 1270 828 enim
1290 785 1448 828 Caesar

100 848 144 889 in
176 850 320 902 partes
353 846 600 888 mitteretur
621 846 816 888 occiduas
838 847 954 888 omni
983 846 1216 888 tenacitate
1237 845 1449 899 stringen-

100 906 191 960 dus,
230 905 433 959 nullaque
473 908 689 959 potestate
728 905 860 946 militi
900 906 1127 960 quicquam
1165 904 1350 945 donandi
1382 903 1449 944 de-

101 965 202 1018 lata,
234 968 282 1005 ut
314 967 482 1019 pateret
503 964 555 1004 ad
582 967 725 1005 motus
758 965 948 1018 asperior
980 964 1203 1017 exercitus,
1235 963 1304 1004 ]110
1336 962 1448 1004 idem
1467 973 1501 999 1⁵
1546 987 1547 990 =

100 1023 285 1064 Vrsulus
314 1022 425 1063 datis
457 1022 616 1063 litteris
650 1023 703 1064 ad
735 1037 843 1075 eum,
876 1023 949 1076 qui
969 1022 1215 1064 Gallicanos
1246 1021 1449 1062 tuebatur

100 1081 339 1134 thesauros,
373 1080 574 1135 quicquid
605 1084 803 1134 posceret
835 1079 992 1122 Caesar
1022 1080 1171 1134 procul
1204 1080 1333 1121 dubio
1364 1079 1448 1120 ius-

101 1142 216 1181 serat
247 1140 350 1180 (lari.
413 1139 450 1181 8.
472 1153 555 1193 quo
583 1139 771 1180 extincto
805 1154 899 1180 011111
926 1139 1146 1180 maledicis
1173 1137 1449 1179 execrationi-

98 1199 263 1253 busque
301 1198 537 1239 multorum
576 1212 620 1239 sc
652 1197 845 1239 Iulianus
885 1198 1064 1239 sentiret
1102 1197 1356 1251 expositum,
1387 1195 1448 1237 in·

99 1256 328 1311 purgabile
373 1256 536 1298 crimen
579 1257 771 1297 excusari
815 1270 940 1310 posse
981 1256 1245 1309 existimans,
1288 1255 1449 1308 absque
1467 1266 1503 1293 20

101 1315 362 1356 conscientia
394 1329 471 1356 sua
502 1315 721 1356 hominem
749 1315 1005 1356 adfirmabat
1025 1315 1223 1368 occisum,
1254 1316 1447 1368 praeten-

100 1374 216 1428 dens,
260 1374 372 1428 quod
417 1388 514 1414 eum
558 1373 763 1415 militaris
807 1374 873 1414 ira
916 1374 1088 1427 deleuit,
1132 1387 1295 1414 memor
1339 1386 1447 1426 quae

99 1432 276 1485 dixerat,
307 1436 356 1473 ut
389 1436 487 1474 ante
519 1432 780 1486 rettulimus,
812 1446 907 1473 cum
933 1432 1136 1473 Amidam
1168 1431 1347 1472 uidisset
1380 1445 1446 1472 ex-

102 1491 248 1531 cisam.
310 1491 349 1531 9.
387 1491 566 1545 ideoque
603 1491 782 1532 timidus
826 1491 1051 1532 uidebatur
1093 1490 1161 1531 uel
1199 1504 1350 1543 parum
1388 1489 1447 1530 111-

99 1549 311 1603 tellegens
344 1549 445 1604 quid
467 1550 725 1602 conueniret,
758 1564 851 1590 cum
872 1549 1145 1590 Arbitionem
1178 1562 1344 1602 semper
1364 1562 1448 1589 am·
1467 1558 1502 1584 25

100 1608 278 1661 biguum
301 1610 344 1648 et
374 1608 689 1661 praetumidum
721 1607 789 1648 his
811 1608 1133 1661 quaestionibus
1162 1606 1449 1661 praefecisset,

100 1665 198 1707 aliis
232 1666 371 1720 specie
392 1669 517 1707 tenus
538 1680 632 1707 cum
653 1666 876 1719 principiis
897 1666 1118 1720 legionum
1137 1664 1448 1720 praesentibus,

100 1739 227 1778 quem
258 1725 447 1778 primum
480 1725 671 1766 omnium
704 1724 835 1766 saluti
867 1739 969 1766 suae
988 1728 1116 1766 norat
1148 1724 1375 1777 obiectum,
1400 1727 1448 1765 ut

99 1783 241 1824 decuit
273 1783 556 1824 uictoriarum
588 1783 780 1824 ciuilium
811 1783 1066 1837 participem
1097 1783 1265 1825 fortem.

220 1842 285 1883 10.
322 1841 382 1895 Et
425 1856 685 1896 quamquam
729 1842 852 1895 haec,
895 1856 1003 1896 quae
1046 1842 1312 1895 rettulimus,
1356 1840 1446 1882 eius
1465 1852 1502 1879 ³⁰

99 1900 355 1953 displicuere
375 1901 628 1954 fautoribus,
657 1901 878 1954 sequentia
899 1904 1043 1942 tamen
1064 1900 1308 1941 seueritatis
1328 1903 1445 1941 recto

1547 158 1556 186 ἔ

190 2059 211 2088 4
235 2055 426 2098 praefecto
451 2055 638 2099 praetorio
664 2056 768 2101 Pbya
792 2055 1038 2100 praefectorio
1070 2055 1101 2089 V
1169 2059 1189 2090 5
1213 2056 1365 2089 territus
1388 2065 1446 2088 su-

103 2099 182 2133 bita
206 2103 385 2142 cranspos.
412 2100 477 2134 rba
570 2104 587 2134 7
615 2100 746 2135 Iuliani
771 2100 858 2134 add.
887 2100 919 2134 G
943 2110 1009 2136 om.
1036 2100 1138 2135 codd.
1235 2104 1276 2134 10
1305 2098 1445 2144 portati

106 2142 219 2178 VPba
243 2145 484 2188 transportati
513 2146 545 2179 (τ’
616 2149 656 2179 17
681 2146 842 2179 cesserat
860 2145 972 2190 VPby
1042 2148 1082 2179 18
1106 2144 1315 2179 maledictis
1339 2142 1444 2178 codd.

99 2193 141 2223 19
166 2200 204 2222 sc
235 2188 338 2222 VGA
363 2200 428 2222 om.
455 2190 512 2223 Pb
560 2193 602 2223 20
628 2190 792 2224 excusari
823 2189 906 2223 V²G
933 2201 1068 2223 cxcura
1097 2188 1200 2224 V¹Pb
1247 2193 1287 2224 27
1313 2187 1443 2222 aliisG

98 2232 184 2267 talis
215 2232 328 2267 VPha
419 2238 461 2267 28
487 2233 597 2267 saluti
629 2245 716 2268 suae
747 2236 905 2269 nouerat
931 2236 964 2268 (τ’
988 2234 1117 2269 salutis
1147 2235 1304 2268 uenerat
1332 2231 1444 2267 VPba

98 2282 169 2312 029
194 2277 320 2312 decuit
345 2277 410 2321 hya
436 2278 567 2311 deduit
597 2278 663 2313 Vl’
755 2280 888 2313 sortem
920 2279 986 2314 VP
1011 2279 1176 2313 futurum
1206 2280 1238 2311 (ι’
1263 2277 1443 2312 uictorem

98 2322 163 2357 rba
255 2326 298 2357 30
324 2322 517 2356 retulimus
548 2322 628 2356 Vm
654 2323 811 2357 uelimus
842 2323 968 2368 V¹Pb9
