1573 2508
112 87 189 129 102
618 85 702 120 xvt
734 90 781 129 1-1,
807 89 952 131 20-32,·

106 182 314 223 indicauit
351 195 425 235 per
463 180 652 222 triduum
691 183 733 221 et
766 180 1015 222 trinoctium
1055 180 1214 222 flumen
1246 181 1453 223 transisse

109 240 359 282 Germanos.
422 239 489 281 20.
511 253 616 294 quos
646 253 742 280 cum
763 239 849 280 iam
869 253 1001 293 prope
1015 239 1243 282 densantes
1259 242 1396 281 semet
1409 241 1453 281 in

106 313 261 341 cuneos
299 301 548 340 nostrorum
586 311 843 352 conspexere
881 297 1096 351 ductores,
1135 300 1349 341 steterunt
1386 313 1454 340 ue·
1550 300 1561 343 ’ξ

108 358 252 412 stigiis
286 356 394 409 fixis,
427 356 684 411 antepilanis
719 356 988 410 hastatisque
1010 358 1053 398 et
1073 356 1269 399 ordinum
1300 357 1452 411 primis
1551 353 1562 400 5

105 417 225 458 uelut
258 415 481 456 insolubili
513 430 634 456 muro
668 414 855 456 fundatis
889 418 931 456 et
972 415 1067 468 pari
1098 415 1268 457 cautela
1305 414 1452 458 hostes
1473 426 1490 452 ⁵

107 477 266 516 stetere
289 475 469 516 cuneati.
533 475 600 515 221.
622 488 800 529 cumque
823 473 886 515 ita
906 477 954 515 ut
973 477 1072 515 ante
1092 473 1230 515 dictus
1251 474 1454 516 docuerat

106 534 299 587 perfuga,
331 533 570 587 equitatum
603 547 773 574 omnem
806 548 830 573 a
863 533 1010 574 dextro
1045 533 1178 574 latere
1212 532 1295 574 sibi
1327 533 1455 575 uidis-

106 595 204 633 sent
224 592 482 646 oppositum,
515 591 715 646 quicquid
748 591 858 645 apud
880 605 952 632 eos
974 606 1047 645 per
1068 594 1287 645 equestres
1309 591 1453 646 copias

105 650 414 705 praepollebat,
435 651 478 691 in
497 650 621 691 laeuo
643 664 774 691 cornu
795 650 990 691 locauere
1012 651 1263 692 confertum.
1302 650 1454 692 isdem-

107 724 187 764 que
228 709 411 763 sparsim
452 709 617 763 pedites
655 709 862 751 miscuere
904 708 1211 750 discursatores
1251 713 1294 750 et
1337 709 1452 750 leues
1476 721 1508 746 10

105 768 298 822 profecto
331 768 497 809 ratione
529 770 625 809 tuta
655 770 869 821 poscente.
931 767 998 808 22.
1019 771 1174 809 norant
1207 768 1321 809 enim
1353 767 1454 809 licet

107 827 360 880 prudentem
393 841 443 868 ex
477 841 583 881 equo
621 826 877 868 bellatorem
910 841 1005 867 cum
1038 826 1274 868 clibanario
1305 829 1453 868 nostro

107 898 385 940 congressum
429 885 550 926 frena
590 885 845 927 retinentem
891 888 933 926 et
974 888 1159 939 scutum,
1202 885 1329 926 hasta
1373 899 1456 926 una

106 958 235 986 manu
268 944 448 998 uibrata,
481 944 743 999 tegminibus
776 945 926 985 ferreis
960 944 1210 985 abscondito
1251 944 1454 985 bellatori

105 1017 259 1044 nocere
297 1018 383 1044 non
419 1018 561 1057 posse,
599 1003 786 1057 peditem
819 1016 917 1044 uero
952 1003 1063 1044 inter
1095 1003 1211 1057 ipsos
1243 1002 1451 1044 discrimi·
1474 1015 1505 1041 15

106 1076 208 1103 num
239 1062 439 1116 uertices,
472 1077 568 1104 cum
599 1062 708 1103 nihil
743 1063 884 1104 caueri
917 1062 1029 1103 solet
1067 1065 1237 1116 praeter
1269 1060 1311 1103 id
1343 1061 1455 1117 quod

107 1121 303 1175 occurrit,
335 1120 455 1163 humi
487 1121 651 1163 occulte
672 1124 913 1176 reptantem
946 1122 1080 1163 latere
1113 1121 1252 1164 forato
1274 1122 1455 1164 iumenti

107 1180 327 1221 incautum
353 1183 564 1221 rectorem
596 1181 874 1234 praecipitem
894 1194 1022 1235 agere
1056 1181 1140 1222 leui
1161 1181 1336 1235 negotio
1369 1185 1455 1223 tru-

108 1238 345 1280 cidandum.
390 1239 457 1280 23.
479 1238 559 1280 hoc
591 1239 736 1294 itaque
768 1239 979 1293 disposito
1012 1239 1210 1281 dextrum
1242 1240 1306 1282 sui
1340 1239 1453 1282 latus

110 1301 302 1339 struxere
342 1297 619 1339 clandestinis
662 1298 827 1340 insidiis
867 1301 909 1340 et
947 1298 1150 1339 obscuris.
1218 1298 1374 1340 ductab
1418 1301 1534 1360 ’,ᾖξ’-ᾗ*

107 1359 251 1397 autem
289 1356 470 1410 populos
510 1372 657 1399 omnes
701 1372 915 1413 pugnaces
954 1362 998 1399 et
1042 1373 1193 1400 saeuos
1233 1313 1454 1407 Chomm-

106 1415 266 1456 marius
288 1418 330 1456 et
351 1414 528 1469 Serapio
555 1419 770 1470 potestate
792 1417 1046 1459 excelsiores
1067 1420 1166 1459 ante
1187 1417 1296 1460 alios
1319 1430 1455 1473 reges.

108 1474 177 1514 24.
197 1476 240 1515 et
255 1472 623 1516 Chonodomarius
641 1475 811 1530 quidem
826 1476 1013 1518 nefarius
1035 1476 1138 1518 belli
1161 1477 1295 1519 totius
1315 1478 1454 1520 incen-

107 1536 188 1585 tor,
219 1533 336 1574 cuius
357 1534 509 1575 uertici
542 1534 763 1576 flammeus
793 1536 959 1577 torulus
986 1536 1228 1590 aptabatur,
1260 1536 1454 1578 anteibat

107 1606 239 1633 cornu
270 1592 494 1634 sinistrum
527 1593 662 1635 audax
696 1598 738 1636 et
769 1595 902 1636 fidens
935 1595 1100 1649 ingenti
1132 1595 1285 1636 robore
1324 1595 1454 1637 lacer·
1474 1607 1506 1632 25

107 1653 267 1703 torum,
312 1651 384 1692 ubi
430 1652 554 1693 ardor
598 1653 752 1706 proelii
798 1653 1051 1707 sperabatur
1095 1654 1300 1708 inmanis,
1345 1668 1452 1709 equo

107 1712 332 1762 spumante
373 1710 617 1761 sublimior,
657 1715 821 1753 erectus
861 1713 904 1753 in
942 1713 1127 1754 iaculum
1160 1712 1452 1755 formidandae

106 1767 324 1809 uastitatis
341 1782 641 1824 armorumque
664 1771 801 1812 nitore
822 1772 1087 1825 conspicuus,
1109 1775 1235 1813 antea
1255 1774 1452 1814 strenuus

107 1829 150 1867 et
170 1826 293 1867 miles
314 1830 357 1868 et
376 1827 496 1869 utilis
519 1832 688 1882 praeter
709 1832 871 1871 ceteros
893 1830 1054 1872 ductor.
1117 1830 1184 1871 25.
1205 1830 1318 1872 latus
1351 1845 1452 1898 [gero

106 1884 300 1926 dextrum
334 1885 510 1940 Serapio
544 1888 701 1941 agebat
734 1889 864 1930 etiam
903 1891 994 1930 tum
1027 1889 1197 1930 adultae
1235 1889 1452 1944 lanuginis
1472 1903 1512 1943 εὖ.)

107 1943 284 1996 iuuenis,
305 1944 496 1986 efficacia
515 1960 792 1999 praecurrens
814 1950 1019 1989 aetatem:
1052 1947 1286 1989 Mederichi
1307 1947 1452 1990 fratris

107 2001 441 2045 (flionodomarii
461 2003 588 2058 filius,
609 2005 795 2047 hominis
817 2006 955 2060 quoad
976 2006 1142 2048 uixerat
1162 2006 1452 2060 perfidissimi:

107 2059 199 2101 ideo
234 2061 293 2102 sic
326 2062 580 2116 appellatus,
613 2064 723 2118 quod
756 2067 877 2118 pater
908 2064 998 2105 eius
1030 2065 1102 2106 diu
1135 2064 1354 2107 obsidatus
1392 2066 1453 2120 pi-

107 2131 239 2170 gnore
286 2121 428 2162 tentus
478 2122 520 2162 in
562 2122 716 2164 Galliis
757 2123 991 2177 doctusque
1035 2123 1197 2164 Graeca
1244 2123 1452 2178 quaedam

148 2283 154 2289 .
178 2243 219 2289 .ss
246 2241 395 2275 cuneati
420 2241 615 2277 Reitzesius
638 2244 834 2278 'cunctanti
872 2243 936 2278 VP
960 2244 1124 2279 cunctati
1153 2245 1220 2288 bya
1314 2247 1353 2279 17
1384 2244 1450 2279 hu-

106 2284 246 2318 militer
277 2284 408 2330 VPbya
504 2286 659 2322 iumenti
683 2288 715 2321 (τ’
739 2288 899 2322 sumenti
932 2288 1042 2323 VPba
1137 2293 1177 2324 19
1201 2289 1328 2333 itaque
1344 2289 1448 2324 codd.

106 2339 262 2407 3333&
288 2329 360 2408 {¹221
388 2335 471 2409 ὺὲὲῑ
493 2335 603 2410 5515?
640 2332 1391 2414 “h-S'AEmfidffgssssss‘tfflfi{1129‘3r102'3220d0m‘im
1423 2333 1455 2368 V
1529 2315 1543 2388 i
