1573 2508
138 54 227 98 290
638 47 743 83 xxn
769 51 822 91 11,
846 48 969 89 5-12,
995 48 1016 80 3

141 146 409 203 conplurium
449 147 599 186 contra
635 142 874 185 utilitatem
912 153 1033 182 suam
1063 138 1210 194 reique
1249 137 1488 180 communis

140 208 364 262 episcopus
398 202 683 245 Alexandriae
722 203 787 242 est
818 199 1052 252 ordinatus,
1088 197 1134 239 in
1171 197 1347 239 ciuitate
1379 209 1489 251 quae

142 270 292 320 suopte
326 267 459 317 motu,
497 265 540 304 et
571 261 645 302 ubi
678 273 830 302 causae
861 272 948 300 non
987 258 1233 311 suppetunt,
1271 253 1489 298 seditioni·
1553 290 1556 295 .

140 326 221 367 bus
265 322 426 364 crebris
471 322 663 375 agitatur
707 322 750 360 et
793 316 1077 369 turbulentis,
1125 318 1174 356 ut
1217 314 1490 356 oraculorum

143 396 310 438 quoque
343 380 536 435 loquitur
567 379 685 420 fides.
747 379 785 420 5.
805 377 873 418 his
900 374 1087 416 efferatis
1118 373 1344 415 hominum
1375 386 1489 415 men·
1507 383 1527 410 5

141 443 259 484 tibus
270 440 483 494 Georgius
505 452 673 493 quoque
694 437 785 491 ipse
807 449 938 491 graue
953 435 1193 475 accesserat
1213 431 1492 487 incentiuum,

143 500 254 555 apud
285 499 456 554 patulas
491 511 612 539 aures
640 494 886 538 Constantii
914 492 1076 534 multos
1110 491 1259 533 exinde
1291 491 1492 532 incusans

143 564 191 602 ut
231 560 322 600 eius
359 557 685 599 recalcitrantes
728 553 935 608 imperiis,
979 550 1346 605 professionisque
1389 562 1491 591 suae

144 619 319 672 oblitrm,
351 631 459 671 quae
489 615 599 656 nihil
632 615 716 656 nisi
748 614 911 655 iustum
944 609 1095 651 suadet
1127 612 1170 650 et
1202 609 1309 663 lene,
1341 608 1394 650 ad
1426 607 1493 649 de-

144 678 332 719 latorum
378 690 482 717 ausa
524 674 675 715 feralia
713 671 990 714 desciscebat.
1051 670 1090 710 6.
1121 672 1165 710 et
1202 668 1315 709 inter
1353 669 1547 708 ceteram

144 736 365 777 dicebatur
410 734 452 774 id
497 747 665 788 quoque
709 731 898 785 maligne
941 728 1135 768 docuisse
1180 725 1495 779 Constantium,

146 795 258 850 quod
297 794 342 834 in
378 793 483 834 urbe
529 792 749 846 praedicta
787 787 980 831 aedificia
1018 789 1171 828 cuncta
1216 785 1307 827 solo
1346 783 1498 826 cohae-

144 853 296 907 rentia,
329 868 351 894 a
386 851 605 893 conditore
627 849 871 892 Alexandro
892 845 1189 899 magnitudine
1222 845 1498 899 inpensarum

145 912 415 967 publicarum
448 913 653 962 extructa,
685 905 986 950 emolumentis
1019 905 1171 946 aerarii
1204 903 1410 958 proficere
1430 901 1498 943 de—

144 972 250 1013 bent
283 985 333 1011 ex
365 971 467 1010 iure.
532 970 569 1009 7.
601 969 652 1010 ad
690 968 795 1009 haec
827 965 942 1007 mala
980 963 1021 1004 id
1055 977 1224 1018 quoque
1264 961 1497 1016 addiderat,
1517 972 1553 1001 ιβ

148 1030 257 1071 unde
289 1029 418 1083 paulo
450 1031 550 1081 post
571 1032 690 1070 actus
713 1030 779 1068 est
811 1025 855 1065 in
876 1023 1054 1064 exitium
1086 1036 1303 1076 praeceps.
1357 1033 1497 1061 reuer-

148 1103 219 1130 sus
253 1102 302 1129 ex
324 1087 534 1128 comitatu
565 1086 772 1140 principis
793 1097 889 1125 cum
920 1081 1129 1122 transiret
1160 1094 1235 1135 per
1255 1079 1496 1134 speciosum

150 1147 274 1188 Genii
294 1146 517 1200 templum,
551 1144 827 1187 multitudine
862 1141 1048 1194 stipatus
1069 1155 1118 1181 ex
1140 1153 1271 1192 more,
1302 1138 1423 1179 flexis
1443 1135 1496 1178 ad

153 1205 300 1248 aedem
333 1205 472 1259 ipsam
505 1204 739 1245 luminibus
772 1202 915 1256 ‘quam
947 1200 1027 1240 diu'
1068 1199 1209 1253 inquit
1241 1197 1497 1252 ‘sepulcrum

148 1265 231 1306 hoc
263 1264 444 1306 stabit?
508 1277 590 1317 quo
624 1263 769 1304 audito
802 1259 921 1301 uelut
941 1258 1122 1300 fulmine
1143 1257 1270 1298 multi
1296 1253 1498 1311 perculsi,
1517 1268 1553 1296 ιο

149 1326 473 1377 metuentesque
492 1335 543 1363 ne
574 1322 681 1363 illud
702 1333 870 1376 quoque
896 1320 1132 1371 temptaret
1152 1318 1355 1369 euertere,
1387 1313 1500 1369 quic-

151 1382 251 1437 quid
291 1384 492 1436 poterant
533 1381 576 1422 in
619 1382 708 1422 eius
750 1377 984 1433 perniciem
1017 1375 1296 1418 clandestinis
1336 1373 1502 1415 insidiis
1553 1377 1560 1419 ἑ

151 1441 437 1482 concitabant.
500 1440 539 1481 8.
571 1454 666 1482 ecce
700 1442 844 1481 autem
882 1439 1055 1490 repente
1097 1434 1264 1489 perlato
1306 1430 1501 1474 laetabili

149 1500 303 1541 nuntio
349 1499 564 1540 indicante
609 1499 847 1540 extinctum
885 1495 1148 1547 Artemium,
1192 1492 1315 1547 plebs
1360 1489 1500 1532 omnis
1535 1506 1543 1534 ,ι

151 1559 267 1600 elata
306 1557 463 1612 gaudio
505 1558 736 1612 insperato,
776 1554 954 1596 uocibus
998 1551 1222 1593 horrendis
1255 1549 1500 1592 infrendens

153 1617 389 1671 Georgium
428 1616 539 1669 petit
577 1620 832 1671 raptumque
865 1612 1046 1654 diuersis
1079 1609 1297 1652 mulcandi
1337 1607 1502 1663 generi-

151 1676 230 1717 bus
262 1679 485 1729 protcrens
519 1679 561 1717 et
593 1674 846 1717 conculcans
880 1670 1129 1712 diuaricatis
1162 1669 1354 1723 pedibus.

269 1735 309 1775 9.
342 1732 532 1787 Cumque
566 1749 614 1775 eo
637 1731 899 1775 Dracontius
932 1732 1128 1770 monetae
1160 1726 1432 1782 praepositus
1459 1727 1503 1766 et

152 1793 364 1835 Diodorus
399 1791 583 1846 quidam,
615 1792 750 1834 ueluti
784 1804 938 1842 comes,
969 1787 1139 1829 iniectis
1182 1801 1255 1841 per
1288 1798 1411 1827 crura
1440 1783 1487 1825 fu
1557 1832 1559 1836 ,

153 1852 279 1893 nibus
314 1851 440 1892 simul
463 1852 691 1894 exanimati
727 1852 843 1902 sunt3
877 1848 950 1889 ille
972 1846 1083 1902 quod
1105 1859 1223 1888 aram
1256 1846 1299 1886 in
1319 1845 1504 1896 moneta,
1556 1837 1561 1844 ”

153 1925 281 1965 quain
313 1909 504 1966 regebat,
535 1925 682 1952 recens
715 1910 899 1950 locatam
921 1906 1104 1958 euertit3
1139 1905 1249 1946 alter
1269 1902 1383 1958 quod
1403 1901 1502 1943 dum

154 1969 440 2011 aedificandae
472 1973 689 2025 praeesset
710 1967 926 2020 ecclesiae,
959 1965 1093 2006 cirros
1114 1977 1343 2018 puerorum
1376 1961 1503 2002 licen-

151 2028 239 2075 tius
273 2027 545 2082 detondebat‚
584 2029 624 2069 id
664 2041 831 2082 quoque
865 2025 916 2067 ad
950 2024 1125 2066 deorum
1164 2022 1326 2063 cultum
1360 2018 1504 2061 existi-

246 2166 264 2196 7
302 2161 474 2194 incusans
509 2161 541 2193 G
569 2160 764 2194 incausans
800 2158 832 2192 V
854 2168 1008 2191 causans
1032 2155 1114 2190 Pba
1209 2158 1249 2188 12
1286 2152 1362 2187 solo
1399 2150 1508 2186 codd.

153 2206 332 2250 Serapeio
369 2205 428 2239 uel
464 2204 603 2238 Bucolo
635 2204 788 2238 coniecit
818 2202 1014 2237 Remmius
1107 2203 1148 2234 16
1184 2199 1288 2233 actus
1317 2195 1506 2240 Kiessliny

157 2251 297 2286 eiectus
322 2251 356 2284 A
382 2250 459 2284 eius
492 2249 577 2284 VPb
601 2251 722 2283 trusus
749 2247 783 2282 G
864 2251 902 2282 18
927 2247 1087 2290 stipatur
1118 2243 1184 2279 VP
1266 2245 1336 2276 *21
1361 2252 1407 2276 ne
1435 2240 1506 2275 GA

153 2305 222 2330 om.
253 2294 344 2330 VPb
406 2297 474 2328 ‘22
499 2295 648 2338 poterat
678 2293 744 2327 VP
814 2290 984 2326 *insidiis
1011 2290 1042 2323 (γ’
1067 2299 1132 2326 om.
1163 2287 1276 2323 VPba
1357 2289 1400 2320 28
1425 2285 1506 2319 dra-

155 2339 301 2376 contius
332 2339 435 2373 VGA
460 2338 679 2383 ‹ly-acontius
703 2338 739 2372 P
764 2337 941 2371 diaconus
965 2336 1005 2370 rb
