1573 2508
1463 0 1573 78 Ἦ

152 189 302 244 genios
335 201 431 228 cum
463 186 598 227 isdem
630 188 838 240 uersatos,
875 199 1055 239 quorum
1088 184 1360 226 adminiculis
1397 185 1501 229 freti

150 246 392 301 praecipuis
437 244 712 299 Pythagoras
758 243 963 285 enituisse
1008 242 1164 284 dicitm·
1214 246 1258 285 et
1301 242 1501 287 Socrates

150 305 378 358 Numaque
410 303 651 357 Pompilius
685 304 728 344 et
761 302 953 356 superior
986 300 1128 355 Scipio
1162 306 1217 356 et,
1248 305 1297 344 ut
1328 303 1503 358 quidam

153 364 416 415 existimant,
453 361 615 402 Marius
655 363 698 402 et
736 360 1011 414 Octauianus,
1048 360 1116 401 cui
1153 361 1342 414 Augusti
1380 376 1503 404 uoca-

152 422 303 462 bulum
336 420 526 461 delatum
559 423 625 461 est
656 419 809 474 primo,
841 418 1108 473 Hermesque
1129 418 1426 462 Termaximus
1458 424 1538 463 ets

154 479 354 535 Tyaneus
395 478 653 533 Apollonius
699 482 827 532 atque
870 477 1083 530 PlotinuS,
1124 492 1251 519 ausus
1296 479 1504 533 quaedam

157 553 286 593 super
330 537 410 579 hac
453 552 498 578 re
543 537 750 578 disserere
795 537 997 591 mystica,
1041 536 1212 591 alteque
1254 540 1506 592 monstrare,

159 597 313 652 quibus
352 595 598 650 primordiis
637 595 683 636 hi
721 595 838 650 genii
876 595 1031 636 animis
1070 595 1217 636 conexi
1255 595 1506 638 mortalium

157 671 228 698 eas
274 658 498 709 tamquam
544 654 720 707 gremiis
761 654 848 695 suis
887 657 1105 708 susceptas
1144 657 1330 708 tuentur,
1368 654 1506 709 quoad

156 714 324 756 licitum
357 717 434 767 est,
465 713 701 766 docentque
728 713 904 766 maiora,
936 713 972 753 si
1005 713 1216 754 senserint
1246 728 1374 767 puras
1407 716 1451 754 et
1481 728 1506 755 a
1525 724 1570 751 1⁰*

157 772 413 814 conluuione
471 772 673 825 pecca-ndi
735 771 997 812 inmaculata
1053 771 1243 824 corporis
1300 772 1505 814 societate

158 832 378 872 discretas.

280 887 353 930 15.
400 890 435 930 1.
480 888 706 943 Ingressus
752 889 897 943 itaque
941 887 1220 929 Antiochiam
1264 889 1506 931 festinando

159 948 451 1001 Constantius,
484 948 536 988 ad
568 952 734 989 motum
767 947 1051 988 certaminum
1079 947 1283 1002 ciuilium,
1321 951 1369 989 ut
1401 948 1507 989 sole-

158 1007 247 1061 bat,
280 1006 402 1047 auide
435 1010 716 1059 smreeturus,
747 1006 911 1060 paratis
944 1005 1142 1047 omnibus
1164 1007 1278 1047 exire
1311 1019 1508 1061 propera·
1527 1017 1562 1045 us

159 1066 235 1107 bat
274 1064 504 1118 inmodice,
548 1065 835 1105 renitentibus
875 1064 1073 1117 plurimis
1111 1079 1328 1106 murmure
1372 1068 1508 1107 tenus.

162 1139 239 1165 nec
274 1124 389 1164 enim
421 1123 666 1164 dissuadere
700 1123 845 1177 palam
879 1122 1063 1163 audebat
1095 1123 1320 1178 quisquam
1339 1124 1409 1165 uel
1440 1139 1509 1165 ue-

162 1187 267 1224 tare.
330 1182 368 1223 2.
408 1184 612 1223 autumno
651 1182 737 1223 iam
776 1184 1021 1222 senescente
1065 1181 1280 1235 profectus
1322 1197 1417 1224 cum
1458 1182 1510 1225 ad

161 1241 454 1283 suburbanum
493 1241 682 1281 uenisset
713 1240 974 1281 disiunctum
1006 1240 1157 1281 exinde
1188 1241 1317 1282 tertio
1359 1241 1511 1296 lapide,

161 1299 539 1353 Hippocephalum
571 1299 756 1353 nomine,
796 1299 963 1340 lucente
1002 1299 1088 1339 iam
1120 1299 1186 1340 die
1220 1300 1399 1341 cadauer
1437 1299 1573 1342 lio-20

167 1358 297 1399 minis
330 1358 546 1399 interfecti
578 1357 729 1399 dextra
760 1358 901 1399 iacens
935 1357 1074 1411 capite
1108 1358 1258 1399 auulso
1279 1359 1512 1414 conspexit,

164 1419 313 1458 contra
358 1417 579 1458 occiduum
624 1417 737 1458 latus
777 1419 1018 1457 extensum:
1062 1417 1322 1471 territusque.
1359 1418 1513 1472 omine,

163 1476 293 1516 finem
324 1475 577 1529 parantibus
609 1476 724 1529 fatis,
756 1475 1013 1516 destinatius
1046 1475 1136 1528 ipse
1156 1476 1359 1517 tendebat
1378 1476 1513 1518 uenit-

165 1549 244 1588 que
278 1533 473 1587 Tarsum,
506 1534 579 1574 ubi
612 1534 773 1575 leuiore
806 1534 916 1574 febri
949 1536 1170 1575 contactus
1202 1537 1406 1589 ratusque
1446 1535 1512 1576 iti·
1572 1552 1573 1594 χ

163 1593 333 1634 nerario
366 1596 486 1633 motu
523 1592 758 1634 inminutae
790 1592 1050 1633 ualetudinis
1090 1593 1230 1634 excuti
1268 1608 1393 1647 posse
1431 1594 1566 1635 dis-25

166 1651 336 1703 crimen,
368 1651 479 1705 petit
510 1666 585 1704 per
617 1652 710 1692 uias
744 1650 941 1691 difficiles
973 1649 1297 1706 Mobsucrenas,
1336 1651 1512 1694 Ciliciae

164 1710 364 1751 ultimam
397 1709 495 1750 hinc
527 1710 806 1763 pergentibus
840 1709 1082 1764 stationem,
1121 1711 1198 1751 sub
1233 1710 1363 1752 Tauri
1395 1725 1513 1752 mon-

165 1769 223 1809 tis
267 1768 482 1809 radicibus
528 1769 726 1821 positam,
772 1768 1000 1822 egredique
1046 1771 1191 1810 secuto
1230 1769 1298 1810 die
1334 1772 1512 1811 conatus

166 1826 384 1868 inualente
423 1826 563 1867 morbi
602 1827 819 1879 grauitate
857 1827 1054 1868 detentus
1097 1831 1179 1869 est:
1216 1828 1513 1884 paulatimque

168 1888 316 1927 urente
349 1886 490 1926 calore
522 1885 655 1926 nimio
688 1900 832 1940 uenas,
863 1889 912 1926 ut
942 1901 994 1926 ne
1027 1887 1148 1940 tangi
1169 1887 1339 1941 quidem
1359 1902 1511 1941 corpus
1530 1897 1566 1924 ³⁰

168 1945 257 1985 eius
296 1948 442 1998 posset
479 1944 523 1985 in
560 1944 734 1985 modum
771 1944 903 1985 foculi
935 1945 1116 1998 feruens,
1155 1960 1251 1986 cum
1282 1961 1383 1987 usus
1416 1946 1514 1987 defi-

169 2005 282 2043 ceret
326 2003 607 2057 medelarum,
649 2003 851 2044 ultimum
896 2003 1062 2057 spirans
1107 2003 1292 2045 deflebat
1335 2004 1514 2046 exitium

166 2062 410 2115 mentisque
445 2077 569 2102 sensu
603 2065 694 2103 tum
727 2062 859 2103 etiam
892 2062 1061 2113 integro
1095 2077 1381 2104 successorem
1414 2077 1515 2105 suae

148 95 233 138 258
656 91 741 126 XXI
767 95 819 135 15,
846 94 967 134 1—16,
992 95 1013 126 2

263 2239 279 2268 1
308 2234 392 2267 freti
427 2235 528 2269 VAI’
552 2244 618 2269 om.
644 2235 686 2279 by
739 2239 758 2269 9
784 2245 875 2278 quas
900 2237 1078 2278 tanquam
1107 2235 1139 2271 G
1166 2237 1419 2280 castamquam
1447 2234 1516 2270 VP

171 2280 291 2313 castas
307 2279 451 2312 mentes
469 2290 562 2322 quas
579 2280 624 2313 ba
671 2279 886 2324 *g1·<em>ii
913 2280 967 2313 sui
992 2279 1169 2325 Vgremii
1187 2280 1261 2315 suis
1285 2281 1321 2315 P
1367 2284 1409 2314 23
1433 2281 1514 2314 ten-

170 2323 284 2357 debat
317 2322 388 2357 ΟΛ
421 2323 577 2357 tenebat
612 2323 699 2358 VPb
791 2327 834 2357 26
867 2324 927 2359 Mo
942 2324 1110 2360 mucrene?
1143 2325 1178 2358 A
1213 2324 1450 2360 mobscrenas
1484 2323 1517 2358 V

170 2367 414 2402 molesteruas
438 2368 473 2402 P
496 2368 694 2411 Myandam
721 2369 764 2412 by
835 2374 878 2404 29
902 2369 938 2403 in
957 2369 1092 2404 abente
1129 2368 1196 2404 VP
1226 2370 1263 2403 ui
1294 2369 1444 2404 labente
1469 2369 1514 2413 by
