1614 2549
365 65 700 103 CONSTANTIVS
724 67 786 101 ET
811 66 999 120 GALLVS
1023 72 1088 104 353
1345 68 1401 111 23

50 162 254 204 minutias
288 162 537 216 aurigarum
569 176 859 217 equorumque
890 162 1121 216 praecipua
1152 162 1222 203 uel
1241 162 1409 203 delicta

51 223 304 263 scrutantes.
353 221 421 262 26.
454 223 497 262 et
529 224 594 262 est
617 221 845 262 admodum
876 221 1032 261 mirum
1052 220 1196 261 uidere
1227 221 1403 274 plebem

51 281 318 321 innumeram
337 279 554 321 mentibus
576 280 727 321 ardore
760 279 946 334 quodam
978 279 1119 321 infuso
1152 293 1248 320 cum
1279 279 1400 319 dimi-

52 338 269 380 cationum
290 338 501 380 curulium
533 341 689 380 euentu
719 338 987 392 pendentem.
1030 338 1137 379 haec
1157 337 1401 391 similiaque

14 410 32 437 5
51 397 331 438 memorabile
368 396 479 438 nihil
519 398 589 438 uel
631 397 790 438 serium
823 396 895 451 agi
926 395 1090 437 Romae
1131 396 1402 450 permittimt.

52 469 154 510 ergo
186 456 445 497 redeundum
478 455 530 497 ad
560 458 739 497 textum.

171 513 209 555 7.
229 515 264 555 1.
278 514 429 555 Latius
449 515 536 555 iam
556 514 837 555 disseminata
856 513 1032 554 licentia
1050 527 1254 554 onerosus
1275 513 1401 554 bonis

51 573 248 614 omnibus
292 572 448 614 Caesar
489 573 657 614 nullum
696 575 795 626 post
835 572 941 613 haec
983 571 1189 613 adhibens
1228 572 1402 612 modum

52 631 229 672 orientis
270 632 408 673 latera
440 634 592 673 cuncta
622 632 810 672 uexabat
840 645 918 672 nec
958 631 1180 672 honoratis
1221 644 1401 684 parcens

0 704 32 729 ιο
50 704 129 731 nec
148 690 319 731 urbium
351 690 608 744 primatibus
640 705 718 731 nec
749 690 944 744 plebeiis.
977 690 1016 730 2.
1048 689 1230 743 denique
1250 688 1403 730 Antio-

51 749 221 790 chensis
260 749 422 790 ordinis
460 750 643 790 uertices
684 749 762 790 sub
801 763 885 790 uno
926 748 1068 803 elogio
1100 748 1227 789 iussit
1266 747 1404 789 occidi

50 808 144 849 ideo
166 807 378 862 efferatus,
399 809 511 863 quod
532 809 571 849 ei
592 808 800 849 celebrari
814 807 1031 848 uilitatem
1052 807 1404 860 intempestiuam

50 866 234 920 urgenti,
267 880 360 907 cum
381 867 631 921 inpenderet
663 866 820 920 inopia,
852 866 1028 920 grauius
1054 864 1308 906 rationabili
1340 879 1403 905 re—

52 925 330 979 sponderunt3
353 928 395 967 et
413 927 626 980 perissent
647 925 699 966 ad
719 939 851 966 unum
869 925 915 965 111
936 939 1076 966 comes
1099 924 1278 965 orientis
1298 925 1399 964 tunc

0 996 31 1022 15
50 983 298 1025 Honoratus
336 984 422 1025 fixa
460 984 704 1026 constantia
735 983 980 1024 restitisset.
1043 983 1081 1023 3.
1127 985 1219 1023 erat
1258 984 1401 1023 autem

50 1042 238 1083 diritatis
271 1042 361 1084 eius
393 1043 474 1084 hoc
507 1057 674 1098 quoque
712 1042 918 1083 indicium
949 1056 1026 1082 nec
1064 1041 1292 1082 obscurum
1322 1055 1399 1081 nec

50 1101 202 1155 latens,
235 1101 347 1155 quod
379 1102 553 1143 ludicris
587 1102 775 1143 cruentis
808 1101 1104 1142 delectabatur
1136 1102 1178 1140 et
1210 1100 1256 1140 in
1288 1100 1399 1140 circo

52 1174 126 1200 sex
156 1160 227 1201 uel
259 1163 424 1214 septem
456 1161 716 1215 aliquotiens
755 1160 903 1201 uetitis
937 1159 1242 1201 certaminibus
1280 1158 1404 1212 pugi-

51 1218 140 1268 lum
170 1218 363 1260 uicissim
396 1234 440 1260 se
462 1219 775 1260 concidentium
806 1218 1160 1273 perfusorumque
1194 1217 1402 1271 sanguine

0 1290 32 1316 20
53 1277 191 1330 specie
223 1280 271 1318 ut
302 1277 491 1319 lucratus
525 1278 721 1332 ingentia
752 1277 1009 1318 laetabatur.
1070 1277 1110 1317 4.
1153 1275 1404 1317 accenderat

52 1350 178 1389 super
218 1335 286 1377 his
327 1337 554 1377 incitatum
585 1336 856 1390 propositum
891 1335 943 1376 ad
983 1335 1221 1376 nocendum
1260 1334 1405 1389 aliqua

52 1394 207 1435 mulier
250 1395 362 1448 uilis,
407 1410 514 1450 quae
557 1395 609 1436 ad
652 1395 865 1449 palatium
902 1397 949 1434 ut
986 1395 1243 1447 poposcerat
1274 1393 1407 1434 intro-

52 1453 186 1494 missa
229 1454 407 1494 insidias
440 1454 480 1494 ei
520 1453 707 1494 latenter
739 1452 915 1494 obtendi
959 1452 1207 1506 prodiderat
1239 1466 1264 1492 a
1295 1451 1408 1492 mili-

51 1511 167 1552 tibus
201 1512 531 1554 obscurissimis.
582 1527 710 1567 quam
743 1510 1029 1553 Constantina
1061 1511 1257 1552 exultans
1289 1512 1338 1551 ut
1363 1509 1409 1550 111

0 1582 33 1608 25
52 1573 146 1611 tuto
179 1570 266 1612 iam
297 1571 440 1613 locata
472 1571 620 1612 mariti
652 1571 791 1612 salute
823 1573 1092 1611 mimeratam
1122 1569 1407 1624 uehiculoque

52 1629 288 1683 inpositam
327 1645 404 1684 per
444 1631 589 1685 regiae
634 1630 784 1671 ianuas
824 1629 969 1670 emisit
1007 1629 1053 1670 in
1090 1628 1322 1682 publicum,
1359 1630 1410 1668 ut

52 1687 121 1729 his
165 1688 394 1730 inlecebris
441 1689 550 1731 alios
597 1703 764 1743 quoque
809 1688 862 1729 ad
905 1687 1132 1729 indicanda
1176 1687 1409 1741 proliceret

52 1746 176 1800 paria
194 1747 265 1788 uel
297 1748 474 1789 maiora.
506 1747 545 1789 5.
576 1751 677 1802 post
708 1747 814 1788 haec
835 1746 986 1788 Gallus
1007 1745 1280 1799 Hierapolim
1311 1759 1406 1799 pro-

53 1803 240 1847 fecturus
261 1810 308 1848 ut
329 1806 590 1861 expeditioni
611 1806 750 1860 specie
771 1809 894 1847 tenus
916 1805 1096 1858 adesset,
1124 1803 1410 1845 Antiochensi

0 1876 35 1902 30
54 1864 173 1917 plebi
193 1865 445 1919 suppliciter
459 1865 704 1907 obsecranti
723 1867 772 1906 ut
791 1864 957 1906 inediae
972 1863 1222 1918 dispelleret
1235 1865 1410 1915 metum,

55 1936 163 1976 quae
194 1937 271 1977 per
302 1924 461 1965 multas
493 1924 768 1978 difficilisque
789 1938 939 1965 causas
967 1922 1112 1964 adfore
1144 1922 1232 1962 iam
1265 1936 1409 1976 spera-

54 1980 193 2035 batur,
224 1996 312 2024 non
342 1986 390 2024 ut
422 1996 513 2024 mos
547 1985 614 2023 est
645 1982 925 2036 principibus,
952 1995 1132 2035 quorum
1152 1980 1306 2022 diffusa
1336 1994 1410 2035 po-

212 2124 236 2136 1-

82 2209 89 2215 ·
147 2166 184 2200 *1
210 2179 234 2212 p
259 2167 406 2202 minuas
439 2167 474 2201 V
494 2167 664 2212 praemia
694 2168 762 2211 bqa
785 2177 854 2212 per
877 2167 1008 2201 ianuas
1033 2166 1223 2211 Kiessliny
1246 2166 1410 2210 pertina-

58 2220 135 2260 cius
166 2211 207 2246 0.
235 2211 281 2246 F.
313 2211 368 2250 W.
392 2212 532 2247 Mz'clller
589 2217 611 2246 4
637 2212 845 2256 similiaque
873 2211 907 2246 G
931 2212 970 2246 et
998 2211 1134 2245 similia
1157 2221 1251 2255 quae
1282 2210 1349 2245 VP
1374 2211 1414 2244 et

56 2256 194 2291 Similia
224 2256 270 2291 ba
317 2261 336 2292 7
361 2257 602 2292 disseminata
630 2256 797 2292 Valesius
826 2255 1060 2291 dissimulata
1095 2255 1202 2290 VGA
1249 2259 1301 2289 10.
1316 2255 1411 2289 anti·

55 2299 170 2335 chisis
200 2300 268 2335 VP
315 2306 357 2337 23
382 2302 518 2336 insidia
541 2313 579 2336 se
604 2301 642 2335 in
665 2301 700 2335 V
743 2305 786 2336 ‘24
811 2300 1018 2336 constantia
1047 2300 1116 2335 VP
1163 2304 1206 2335 -25
1230 2301 1312 2335 tuto
1340 2298 1413 2333 GA

56 2346 137 2380 toto
172 2345 239 2380 VP
285 2351 326 2381 32
353 2351 409 2381 est
433 2348 499 2391 by«
526 2347 555 2381 ἃς
587 2346 617 2381 V
