1573 2508
114 62 197 104 248
650 59 735 95 XXI
764 64 813 102 12,
831 63 940 94 2-10

115 155 256 197 studio
290 155 372 196 sibi
406 154 569 196 sociare
590 154 657 195 uel
690 153 838 195 fraude
859 154 927 195 uel
951 154 1132 195 diuersis
1165 153 1460 196 adulationum

115 215 357 269 generibuS,
395 215 624 267 antequam
657 213 794 254 maius
827 212 1012 254 oriretur
1050 211 1224 267 aliquid,
1260 227 1457 267 propera-

114 273 200 314 bat.
263 273 301 313 2.
334 272 512 326 ideoque
545 270 743 312 Iouinum
775 272 1031 325 magistrum
1064 271 1253 325 equitum
1289 271 1458 312 uenien-

114 335 202 373 tem
222 345 297 385 per
317 330 464 384 Alpes,
494 329 762 384 Noricosque
790 330 1032 384 ingressum
1054 330 1105 371 ad
1126 329 1180 383 id,
1212 330 1323 384 quod
1344 344 1459 372 exar-

116 392 242 442 serat,
262 403 431 443 quoquo
453 388 577 429 modo
599 389 897 443 corrigendum
919 388 1055 430 redire
1070 388 1196 429 citius
1216 388 1457 443 imperauit.
1476 399 1494 425 5

117 452 158 489 et
180 447 337 502 nequid
356 448 535 501 deesset,
567 447 727 488 milites
749 462 908 501 omnes,
941 447 1013 502 qui
1034 447 1285 488 comitatum
1316 461 1460 501 seque-

114 507 273 548 bantur
310 509 385 548 aut
426 506 562 560 signa,
605 506 780 547 retineri
822 507 948 548 iussit
987 520 1063 560 per
1104 506 1215 547 idem
1257 505 1459 559 oppidum

114 568 390 606 transeuntes
423 579 499 619 pro
534 565 698 606 uiribus
730 565 896 606 laturos
929 565 1148 606 auxilium.

233 624 271 664 3.
297 623 461 678 Hisque
494 623 714 677 dispositis
747 625 837 677 ipse
868 624 975 665 haut
1006 623 1078 664 diu
1110 626 1261 678 postea
1287 622 1462 677 cognita

115 687 251 724 morta¹
285 681 523 732 Constanti,
562 682 764 723 discursis
804 681 1000 724 Thraciis
1039 681 1460 735 Constantinopolim
1480 692 1513 717 ιο

114 741 303 782 introiit:
337 755 385 782 ac
406 755 532 795 saepe
553 741 703 782 doctus
736 741 893 782 lentius
926 741 1016 782 fore
1037 741 1079 782 id
1100 740 1311 782 obsidium
1333 755 1460 794 quam
1572 735 1573 740 ¹

114 799 358 854 uerendum,
390 799 582 840 Immone
616 814 710 841 cum
743 800 972 841 comitibus
1006 799 1103 840 aliis
1136 799 1187 840 ad
1220 798 1302 840 hoc
1334 799 1460 840 desti-

115 861 218 900 nato
240 859 425 899 remouit
446 858 596 899 exinde
629 858 840 910 Iouinum,
872 858 958 900 alia
979 872 1087 912 quae
1119 857 1308 911 potiores
1341 857 1462 911 flagi-

113 917 270 958 tabant
302 917 580 958 necessitates
614 922 819 958 acturum.

233 977 271 1016 4.
305 974 463 1017 Ordine
502 976 647 1030 itaque
685 979 901 1017 scutorum
941 975 1112 1029 gemino
1146 975 1348 1029 Aquileia
1385 975 1514 1016 cir-1⁵

116 1036 378 1087 cumsaepta,
405 1035 727 1076 concinentibus
762 1034 987 1075 sententiis
1020 1034 1172 1074 ducum
1206 1034 1461 1074 conueniens

114 1093 255 1133 uisum
289 1096 354 1133 est
386 1093 438 1133 ad
470 1093 730 1134 deditionem
764 1093 935 1134 allicere
956 1092 1199 1134 defensores
1231 1092 1462 1133 minacium

114 1151 455 1206 blandorumque
499 1151 710 1193 uarietate
755 1166 1016 1193 sermonum:
1068 1154 1110 1192 et
1153 1150 1301 1192 multis
1345 1150 1462 1192 ultro

115 1210 308 1264 citroque
340 1210 549 1251 dictitatis
583 1210 628 1251 111
659 1211 900 1251 inmensum
928 1210 1219 1251 obstinatione
1252 1209 1462 1263 gliscente

115 1283 166 1310 ex
208 1268 435 1322 conloquio
477 1284 521 1310 re
564 1268 721 1310 infecta
762 1269 1003 1310 disceditur.
1066 1268 1104 1310 5.
1137 1271 1180 1309 et
1211 1268 1311 1322 quia
1350 1267 1462 1309 nihil
1481 1279 1516 1305 20

115 1330 286 1381 praeter
316 1340 507 1381 pugnam
528 1328 614 1369 iam
636 1328 904 1382 sperabatur,
937 1327 1097 1368 curatis
1118 1327 1347 1381 utrubique
1367 1326 1462 1367 cibo

115 1400 350 1440 somnoque
372 1387 634 1440 corporibus,
668 1401 819 1427 aurora
839 1386 925 1427 iam
947 1389 1161 1440 surgente,
1182 1387 1462 1439 concrepante

116 1445 259 1486 sonitu
280 1444 533 1486 bucinorum
553 1448 698 1498 partes
714 1459 916 1487 accensae
937 1445 982 1486 in
996 1444 1137 1486 clades
1152 1446 1334 1498 mutuas,
1353 1443 1463 1484 fero-

116 1503 276 1544 cientes
309 1503 449 1557 magis
484 1518 612 1558 quam
645 1503 882 1545 consultius
916 1503 1042 1544 elatis
1064 1503 1324 1544 clamoribus
1357 1501 1463 1543 fere-

113 1561 283 1603 bantur.
346 1562 383 1603 6.
424 1562 594 1616 pluteos
636 1563 771 1616 igitur
812 1561 1102 1615 praeferentes
1141 1564 1462 1615 oppugnatores
1482 1572 1516 1598 25

114 1623 337 1674 cratesque
375 1620 547 1662 densius
586 1624 742 1674 text-as,
781 1621 939 1661 sensim
977 1620 1220 1661 incedentes
1247 1623 1290 1660 et
1328 1622 1463 1673 caute,

114 1693 334 1720 murorum
380 1679 467 1720 ima
521 1679 726 1721 suffodere
777 1679 1135 1720 ferramentorum
1186 1677 1463 1720 multitudine

114 1737 398 1790 conabantur,
449 1739 585 1778 factas
630 1738 822 1792 plerique
868 1738 1072 1779 uehentes
1123 1737 1174 1778 ad
1219 1751 1463 1778 mensuram

114 1796 331 1837 moenium
383 1796 538 1849 scalas,
589 1797 759 1851 iamque
810 1797 1047 1850 parietibus
1091 1810 1224 1850 paene
1270 1795 1461 1849 contigui

115 1869 217 1907 pars
250 1854 465 1908 lapidibus
497 1855 658 1896 uolutis
691 1856 734 1896 in
767 1870 947 1909 pronum
981 1855 1146 1908 conlisi,
1177 1869 1276 1908 pars
1309 1853 1461 1895 confixi
1481 1865 1516 1891 ³0

115 1995 184 2046 GA
205 1956 232 2029 {1
237 1953 481 2031 ρῐέεὲξιεὲἳιῗε
486 1953 574 2031 915)ξὲ
575 1963 656 2030 an
661 1963 739 2047 aglls
743 1954 771 2030 1tl
779 1951 919 2030 ί1131111113
928 1951 1275 2046 οἶῖἓιιῇἓιῖἷὲἓῖἓῗίιιε
1284 1952 1463 2046 &alges-{3}

111 2042 186 2074 tius
230 2041 298 2084 bya
429 2041 498 2075 *13
536 2043 723 2076 remonuit
763 2041 830 2076 VP
945 2042 1015 2075 *15
1051 2040 1179 2075 ordine
1222 2040 1242 2074 b
1265 2051 1288 2074 a
1331 2039 1462 2074 ordina

117 2084 184 2119 VP
234 2089 274 2119 19
301 2085 481 2120 dictitatis
500 2085 642 2120 VGAP
667 2086 816 2120 dictatis
840 2086 881 2120 rb
928 2090 971 2120 ‘20
984 2096 1023 2119 re
1040 2085 1181 2120 infecta
1197 2084 1230 2118 V
1266 2085 1302 2119 A
1320 2084 1462 2119 infecta

112 2130 148 2164 P
173 2130 316 2163 resecta.
355 2130 374 2164 b
429 2130 517 2174 quia
543 2130 613 2165 ΘΑ
639 2141 713 2174 (11111
741 2130 829 2166 VPb
899 2134 938 2164 21
972 2130 1191 2174 sperabatur
1220 2129 1351 2172 scripsi
1379 2139 1395 2162 s
1425 2139 1460 2163 e—

113 2173 285 2208 ctabatur
327 2174 428 2209 codd.
541 2176 556 2193 ’
572 2175 654 2209 cibo
697 2175 762 2209 VA
801 2174 890 2210 cibis
933 2175 1014 2213 Pba
1117 2178 1159 2208 22
1201 2174 1350 2208 auti-ota
1425 2173 1461 2207 P

110 2222 154 2253 24
179 2217 285 2252 elatis
315 2218 348 2251 V
370 2218 465 2253 datis
491 2220 595 2264 Pbya
644 2220 899 2265 *referebatur
930 2219 961 2252 V
983 2211 1173 2254 ferebatur
1197 2219 1233 2253 P
1286 2221 1329 2253 25
1353 2228 1458 2262 prae-

110 2262 276 2297 ferentes
311 2263 343 2295 (r'
374 2263 393 2297 ‹3›
418 2264 578 2298 ferentes
610 2264 675 2299 VI'
709 2264 905 2299 efferentes
938 2265 981 2299 ba
1072 2267 1116 2298 28
1146 2264 1262 2298 factas
1295 2262 1328 2295 G
1352 2263 1460 2297 natas

117 2307 185 2342 VP
197 2308 315 2342 cattos
340 2308 383 2341 ba
433 2308 611 2343 uehentes
627 2310 659 2342 G
685 2310 852 2343 ementes
874 2309 941 2343 VP
965 2309 1180 2343 emittentes
1203 2308 1248 2343 ba
1295 2307 1366 2341 *29
1383 2317 1460 2342 sca-

111 2351 166 2388 las
194 2352 226 2387 G
252 2352 353 2387 calus
383 2352 415 2386 V
437 2353 514 2387 clus
539 2355 574 2388 Ρ
599 2364 718 2397 paene
743 2374 786 2379 —
811 2357 854 2388 30
867 2353 1054 2398 lapidibus
1079 2363 1145 2391 om,
1172 2353 1192 2387 b
