1614 2549
397 99 736 138 CONSTANTIVS
760 98 822 132 ET
849 97 1037 133 GALLVS
1065 102 1129 132 353
1381 97 1432 139 19

82 197 270 252 sinistra,
302 198 350 237 ut
380 195 600 249 longiores
624 194 820 235 fimbriae
840 194 1093 247 tunicaeque
1118 191 1340 246 perspicue
1373 191 1434 232 lu-

82 259 205 298 ceant
224 255 436 297 uarietate
468 253 666 295 liciorum
687 252 906 307 effigiatae
932 252 978 293 in
997 251 1159 306 species
1181 250 1434 292 animalium

82 314 384 356 multiformes.
424 313 490 354 10.
511 312 587 354 alii
605 312 726 353 nullo
760 313 990 365 quaerente
1022 310 1167 352 uultus
1202 310 1432 351 seueritate

0 376 1 412 1
81 373 341 416 adsimulata
361 371 625 425 patrimonia
647 386 723 412 sua
743 370 788 411 in
819 371 1060 411 inmensum
1093 369 1321 422 extollunt,
1349 369 1435 410 eul-

0 413 1 477 1
46 444 62 471 5
81 436 224 474 torum
254 434 303 473 ut
334 433 438 484 puta
469 430 677 472 feracium
696 429 1038 482 multiplicantes
1061 442 1224 469 annuos
1256 427 1433 481 fructus,

0 491 1 494 '
83 505 190 545 quae
223 506 248 532 a
279 490 418 544 primo
452 489 505 530 ad
536 489 738 530 ultimum
776 487 912 529 solem
951 502 994 528 se
1028 486 1195 528 abunde
1232 487 1434 529 iactitant

82 549 310 604 possidere,
341 549 592 602 ignorantes
624 547 815 601 profecto
847 546 1032 588 maiores
1066 560 1177 599 suos,
1220 560 1296 599 per
1328 560 1433 600 quos

81 609 144 650 ita
175 607 427 662 magnitudo
447 606 645 648 Romana
676 606 926 660 porrigitur,
958 618 1043 646 non
1064 604 1228 645 diuitiis
1250 604 1433 645 eluxisse

84 667 156 709 sed
186 681 261 721 per
293 666 410 707 bella
443 665 709 719 saeuissima,
739 679 818 706 1100
839 664 991 718 opibus
1024 678 1100 704 nec
1127 663 1245 704 uictu
1264 678 1341 705 nec
1373 663 1435 704 in-

30 738 63 763 10
82 726 381 767 (lumentorum
424 724 595 766 uilitate
633 723 846 778 gregariis
890 722 1103 764 militibus
1142 722 1433 776 discrepantes

83 784 281 838 opposita
302 786 454 825 cuncta
475 797 698 837 superasse
718 783 891 824 uirtute.
931 782 997 823 11.
1016 781 1098 822 hac
1119 796 1169 822 ex
1190 796 1316 823 causa
1340 796 1434 822 con-

82 843 231 884 laticia
264 843 374 896 stipe
394 841 595 883 Valerius
628 841 831 882 humatur
862 841 937 882 ille
963 840 1191 882 Publicola
1224 842 1266 881 et
1298 841 1435 882 subsi-

82 902 162 943 diis
208 902 444 943 amicorum
488 900 636 942 mariti
680 900 805 954 inops
839 914 934 941 cum
971 899 1120 940 liberis
1158 913 1265 940 uxor
1303 899 1434 940 alitur

81 960 239 1015 Reguli
276 963 318 1001 et
355 960 530 1001 dotatur
569 974 619 1000 ex
650 959 815 1000 aerario
848 959 939 1000 filia
972 957 1198 1012 ScipioniS,
1237 972 1332 999 cum
1362 973 1435 1000 no-

31 1031 62 1056 15
82 1019 231 1060 bilitas
264 1019 411 1060 florem
434 1018 604 1059 adultae
623 1018 807 1072 uirginis
841 1017 1088 1059 diuturnum
1111 1017 1306 1058 absentia
1334 1032 1435 1071 pau-

81 1078 195 1132 peris
229 1077 498 1119 erubesceret
529 1077 679 1131 patris.

203 1137 267 1178 12.
297 1136 358 1177 At
382 1150 495 1177 1111110
515 1136 552 1176 81
572 1135 625 1176 ad
645 1136 833 1189 aliquem
853 1137 959 1177 bene
980 1138 1251 1176 nummatum
1271 1137 1434 1176 tumen-

81 1199 252 1250 temque
284 1195 378 1236 ideo
410 1194 615 1235 honestus
638 1194 803 1236 aduena
824 1195 1061 1235 salutatum
1092 1194 1324 1248 introieris,
1350 1195 1435 1248 pri-

82 1254 211 1295 mitus
249 1256 471 1308 tamquam
510 1255 736 1307 exoptatus
776 1253 1020 1307 suscipieris
1060 1255 1103 1295 et
1139 1253 1433 1307 interrogatus

30 1323 64 1349 20
81 1312 218 1354 multa
256 1314 511 1366 coactusque
549 1312 733 1365 mentiri,
770 1312 996 1353 miraberis
1034 1326 1266 1366 numquam
1307 1315 1434 1354 antea

81 1371 198 1412 uisus
219 1373 474 1412 summatem
495 1370 634 1412 uirum
656 1373 829 1412 tenuem
848 1374 891 1411 te
924 1371 984 1411 810
1018 1371 1183 1412 enixius
1205 1371 1434 1412 obseruan-

80 1434 180 1484 tem,
217 1432 266 1471 ut
301 1429 523 1484 paeniteat
555 1429 608 1470 ob
646 1428 752 1470 haec
790 1430 904 1471 bona
941 1432 1165 1484 tamquam
1201 1431 1433 1484 praecipua

80 1503 166 1530 non
184 1488 344 1530 uidisse
366 1490 464 1530 ante
484 1488 735 1529 decennium
754 1488 950 1530 Romam.
993 1489 1058 1530 13.
1084 1489 1248 1543 hacque
1270 1489 1433 1530 adfabi-

81 1547 204 1589 litate
225 1547 408 1589 confisus
430 1561 525 1589 cum
558 1546 705 1588 eadem
736 1547 946 1601 postridie
977 1547 1142 1601 feceris,
1168 1550 1216 1589 ut
1241 1548 1432 1602 incogni-

28 1616 61 1641 25
80 1609 148 1647 tus
176 1606 378 1647 haerebis
409 1608 451 1647 et
479 1606 747 1660 repentinus,
780 1606 1004 1648 hortatore
1030 1607 1108 1648 illo
1134 1606 1336 1648 hesterno
1353 1639 1385 1649 ..
1401 1640 1433 1648 ..

80 1665 346 1719 ruminando,
378 1665 450 1719 qui
483 1665 540 1706 sis
572 1664 641 1706 uel
673 1665 782 1707 unde
815 1666 963 1707 uenias
983 1665 1144 1706 diutius
1172 1666 1432 1720 ambigente.

81 1724 254 1777 agnitus
290 1737 393 1765 uero
431 1724 604 1764 tandem
643 1727 685 1764 et
723 1724 910 1765 adscitus
949 1725 994 1765 in
1032 1724 1269 1766 amicitiam
1315 1726 1350 1766 81
1388 1728 1430 1766 te

80 1782 296 1824 salutandi
327 1782 577 1824 adsiduitati
596 1782 760 1824 dederis
792 1783 979 1824 triennio
1012 1784 1267 1825 indiscretus
1289 1787 1331 1825 et
1356 1799 1432 1838 per

79 1843 146 1882 tot
169 1841 334 1883 dierum
366 1840 550 1882 defueris
581 1844 763 1897 tempus,
793 1843 1023 1883 reuerteris
1057 1843 1109 1884 ad
1141 1843 1264 1896 paria
1296 1843 1430 1896 perfe-

168 1982 187 2011 2
214 1977 275 2012 effi
318 1979 401 2014 atae
426 1980 494 2024 bya
520 1979 712 2015 effricacae
744 1981 777 2014 V
844 1985 864 2016 5
888 1981 1024 2025 putant
1047 1981 1227 2015 ferocium
1258 1981 1291 2014 V
1342 1985 1382 2016 10
1408 1993 1429 2016 a

78 1990 351 2074 gregariis-{Za
399 2028 437 2058 11
463 2024 534 2059 hac
557 2024 736 2070 Eyssenh.
761 2026 821 2060 hic
851 2025 885 2059 V
936 2036 1048 2060 causa
1071 2035 1139 2060 om.
1165 2026 1232 2070 hya
1280 2031 1349 2060 *14
1373 2037 1427 2061 re-

78 2066 157 2117 guli
187 2068 225 2102 et
254 2079 297 2102 m
321 2069 389 2103 lac.
423 2073 465 2104 10
489 2070 559 2104 litt.
592 2081 658 2105 scr.
688 2070 740 2104 V²
834 2075 875 2104 15
907 2070 1077 2105 absentia
1107 2070 1273 2106 Valesius
1297 2071 1428 2106 absen-

77 2113 168 2146 tiam
192 2112 296 2147 codd.
346 2117 387 2149 18
412 2113 496 2149 ideo
520 2113 555 2148 V
576 2114 642 2149 lac.
672 2118 712 2149 15
738 2115 807 2150 litt.
824 2115 861 2149 R
884 2114 1015 2149 loculis
1033 2116 1100 2160 bya
1148 2120 1201 2150 18.
1222 2116 1426 2159 inquoieris

33 2202 37 2207 .
82 2155 150 2191 VP
212 2161 252 2191 21
277 2158 316 2192 te
341 2158 392 2193 sic
418 2159 562 2193 enixius
590 2159 623 2193 G
648 2159 785 2194 desisse
810 2160 933 2194 nixius
962 2160 1054 2195 VPa
1116 2164 1158 2195 22
1184 2160 1230 2195 ob
1261 2161 1427 2196 Valesius

77 2201 119 2235 ut
142 2202 246 2237 codd.
273 2212 338 2237 om.
367 2203 401 2251 G
430 2204 469 2237 in
497 2203 710 2239 Gronouius
802 2209 845 2239 24
874 2205 917 2239 ut
946 2205 1159 2249 incognitus
1188 2205 1360 2241 haerebis
1383 2207 1426 2241 in

10 2251 17 2262 ⁸
77 2246 142 2281 lac.
170 2251 210 2282 13
236 2247 304 2281 litt.
329 2248 416 2282 add.
446 2248 492 2282 V²
584 2253 627 2285 25
658 2249 868 2284 hortatores
905 2249 973 2284 VP
997 2254 1082 2294 post
1111 2250 1286 2286 hesterno
1315 2252 1380 2286 Zac.
1406 2257 1425 2286 5

78 2292 113 2336 (3
140 2290 209 2334 G.)·
224 2291 295 2326 litt.
324 2291 432 2328 VGP
453 2293 533 2328 sine
556 2293 621 2331 lac,
647 2294 692 2328 ba
781 2298 823 2329 26
847 2295 1068 2330 ruminando
1093 2295 1270 2341 Eyssenh.
1297 2307 1425 2330 nume—

75 2335 193 2371 rando
217 2336 321 2372 codd.
408 2341 449 2373 27
475 2338 514 2372 111
540 2339 742 2373 amicitiam
767 2339 797 2374 si
825 2340 863 2374 te
889 2339 982 2374 salu·
1006 2341 1049 2375 in
1074 2340 1140 2375 lac.
1168 2345 1207 2375 21
1235 2341 1307 2376 litt.
1335 2341 1423 2375 add.

82 2379 129 2415 V²
175 2384 216 2416 29
241 2382 298 2416 tot
323 2381 467 2417 dierum
495 2383 707 2419 Gronouz'us
730 2384 888 2420 totidem
913 2385 1016 2420 codd.

1163 2443 1209 2465 nav.

1163 2467 1181 2477 Η
