<?xml version="1.0" encoding="UTF-8"?>
<!DOCTYPE html PUBLIC "-//W3C//DTD XHTML 1.0 Transitional//EN"
    "http://www.w3.org/TR/xhtml1/DTD/xhtml1-transitional.dtd">
<html xmlns="http://www.w3.org/1999/xhtml" xml:lang="en" lang="en">
 <head>
  <title>
</title>
<meta http-equiv="Content-Type" content="text/html;charset=utf-8" />
  <meta name='ocr-system' content='tesseract 3.04.00' />
  <meta name='ocr-capabilities' content='ocr_page ocr_carea ocr_par ocr_line ocrx_word'/>
</head>
<body>
  <div class='ocr_page' id='page_1' title='image "./rerumgestarumlib01ammiuoft_0181.png"; bbox 0 0 1614 2549; ppageno 0'>
   <div class='ocr_carea' id='block_1_1' title="bbox 393 93 1450 137">
    <p class='ocr_par' dir='ltr' id='par_1_1' title="bbox 393 93 1450 137">
     <span class='ocr_line' id='line_1_1' title="bbox 393 93 1450 137; baseline 0.004 -9"><span class='ocrx_word' id='word_1_1' title='bbox 393 93 728 129; x_wconf 82' lang='lat' dir='ltr'><strong>CONSTANTIVS</strong></span> <span class='ocrx_word' id='word_1_2' title='bbox 754 93 816 128; x_wconf 88' lang='lat' dir='ltr'>ET</span> <span class='ocrx_word' id='word_1_3' title='bbox 842 93 1073 129; x_wconf 86' lang='lat' dir='ltr'>IVLlANVS</span> <span class='ocrx_word' id='word_1_4' title='bbox 1100 98 1165 129; x_wconf 83' lang='lat'>358</span> <span class='ocrx_word' id='word_1_5' title='bbox 1370 96 1450 137; x_wconf 79' lang='grc'>129</span> 
     </span>
    </p>
   </div>
   <div class='ocr_carea' id='block_1_2' title="bbox 0 188 1454 2180">
    <p class='ocr_par' dir='ltr' id='par_1_2' title="bbox 0 188 1454 768">
     <span class='ocr_line' id='line_1_2' title="bbox 102 188 1454 242; baseline 0.001 -13"><span class='ocrx_word' id='word_1_6' title='bbox 102 191 263 229; x_wconf 88' lang='lat' dir='ltr'>stentes</span> <span class='ocrx_word' id='word_1_7' title='bbox 301 188 347 228; x_wconf 91' lang='lat' dir='ltr'>in</span> <span class='ocrx_word' id='word_1_8' title='bbox 385 191 641 241; x_wconf 73' lang='lat' dir='ltr'>oportunam</span> <span class='ocrx_word' id='word_1_9' title='bbox 687 189 940 230; x_wconf 85' lang='lat' dir='ltr'>clementiae</span> <span class='ocrx_word' id='word_1_10' title='bbox 983 191 1152 242; x_wconf 87' lang='lat' dir='ltr'>partem</span> <span class='ocrx_word' id='word_1_11' title='bbox 1197 189 1348 230; x_wconf 85' lang='lat' dir='ltr'>effectu</span> <span class='ocrx_word' id='word_1_12' title='bbox 1391 191 1454 231; x_wconf 93' lang='lat' dir='ltr'>ui-</span> 
     </span>
     <span class='ocr_line' id='line_1_3' title="bbox 102 246 1454 302; baseline 0.001 -14"><span class='ocrx_word' id='word_1_13' title='bbox 102 247 262 288; x_wconf 76' lang='lat' dir='ltr'>ctoriae</span> <span class='ocrx_word' id='word_1_14' title='bbox 300 246 409 287; x_wconf 82' lang='lat' dir='ltr'>fiexo</span> <span class='ocrx_word' id='word_1_15' title='bbox 443 246 644 288; x_wconf 88' lang='lat' dir='ltr'>dedentes</span> <span class='ocrx_word' id='word_1_16' title='bbox 683 262 727 288; x_wconf 90' lang='lat' dir='ltr'>se</span> <span class='ocrx_word' id='word_1_17' title='bbox 763 261 859 288; x_wconf 91' lang='lat' dir='ltr'>cum</span> <span class='ocrx_word' id='word_1_18' title='bbox 898 247 1051 301; x_wconf 90' lang='lat' dir='ltr'>opibus</span> <span class='ocrx_word' id='word_1_19' title='bbox 1090 247 1323 302; x_wconf 88' lang='lat' dir='ltr'>liberisque</span> <span class='ocrx_word' id='word_1_20' title='bbox 1364 263 1454 290; x_wconf 90' lang='lat' dir='ltr'>sus-</span> 
     </span>
     <span class='ocr_line' id='line_1_4' title="bbox 101 303 1446 358; baseline 0.002 -13"><span class='ocrx_word' id='word_1_21' title='bbox 101 305 225 358; x_wconf 89' lang='lat' dir='ltr'>cepit.</span> <span class='ocrx_word' id='word_1_22' title='bbox 276 304 314 346; x_wconf 83' lang='lat'>5.</span> <span class='ocrx_word' id='word_1_23' title='bbox 337 303 579 346; x_wconf 80' lang='lat' dir='ltr'>Chamauos</span> <span class='ocrx_word' id='word_1_24' title='bbox 600 306 751 347; x_wconf 90' lang='lat' dir='ltr'>itidem</span> <span class='ocrx_word' id='word_1_25' title='bbox 772 321 898 347; x_wconf 85' lang='lat' dir='ltr'>ausos</span> <span class='ocrx_word' id='word_1_26' title='bbox 920 306 1080 347; x_wconf 82' lang='lat' dir='ltr'>similia</span> <span class='ocrx_word' id='word_1_27' title='bbox 1101 306 1275 347; x_wconf 86' lang='lat' dir='ltr'>adortus</span> <span class='ocrx_word' id='word_1_28' title='bbox 1297 306 1446 348; x_wconf 90' lang='lat' dir='ltr'>eadem</span> 
     </span>
     <span class='ocr_line' id='line_1_5' title="bbox 0 363 1452 420; baseline 0.003 -17"><span class='ocrx_word' id='word_1_29' title='bbox 0 412 1 417; x_wconf 15' lang='lat'>¹</span> <span class='ocrx_word' id='word_1_30' title='bbox 101 363 320 404; x_wconf 87' lang='lat' dir='ltr'>celeritate</span> <span class='ocrx_word' id='word_1_31' title='bbox 362 364 524 417; x_wconf 90' lang='lat' dir='ltr'>partim</span> <span class='ocrx_word' id='word_1_32' title='bbox 567 364 720 406; x_wconf 89' lang='lat' dir='ltr'>cecidit</span> <span class='ocrx_word' id='word_1_33' title='bbox 759 365 920 418; x_wconf 88' lang='lat' dir='ltr'>partim</span> <span class='ocrx_word' id='word_1_34' title='bbox 962 366 1118 406; x_wconf 82' lang='lat' dir='ltr'>acriter</span> <span class='ocrx_word' id='word_1_35' title='bbox 1160 369 1452 420; x_wconf 75' lang='lat' dir='ltr'>repugnantes</span> 
     </span>
     <span class='ocr_line' id='line_1_6' title="bbox 0 421 1452 483; baseline 0.003 -22"><span class='ocrx_word' id='word_1_36' title='bbox 0 429 1 483; x_wconf 36' lang='lat' dir='ltr'>l</span> <span class='ocrx_word' id='word_1_37' title='bbox 62 421 307 476; x_wconf 80' lang='lat' dir='ltr'>5uiuosque</span> <span class='ocrx_word' id='word_1_38' title='bbox 347 425 494 476; x_wconf 88' lang='lat' dir='ltr'>captos</span> <span class='ocrx_word' id='word_1_39' title='bbox 534 423 735 477; x_wconf 88' lang='lat' dir='ltr'>conpegit</span> <span class='ocrx_word' id='word_1_40' title='bbox 778 423 824 463; x_wconf 89' lang='lat' dir='ltr'>in</span> <span class='ocrx_word' id='word_1_41' title='bbox 860 423 1044 477; x_wconf 89' lang='lat' dir='ltr'>uincula,</span> <span class='ocrx_word' id='word_1_42' title='bbox 1084 424 1191 464; x_wconf 90' lang='lat' dir='ltr'>alios</span> <span class='ocrx_word' id='word_1_43' title='bbox 1223 424 1452 479; x_wconf 79' lang='lat' dir='ltr'>praecipiti</span> 
     </span>
     <span class='ocr_line' id='line_1_7' title="bbox 97 479 1453 537; baseline 0.003 -16"><span class='ocrx_word' id='word_1_44' title='bbox 97 479 203 534; x_wconf 84' lang='lat' dir='ltr'>fuga</span> <span class='ocrx_word' id='word_1_45' title='bbox 233 481 499 534; x_wconf 80' lang='lat' dir='ltr'>trepidantes</span> <span class='ocrx_word' id='word_1_46' title='bbox 533 482 585 522; x_wconf 90' lang='lat' dir='ltr'>ad</span> <span class='ocrx_word' id='word_1_47' title='bbox 618 497 706 535; x_wconf 89' lang='lat' dir='ltr'>sua,</span> <span class='ocrx_word' id='word_1_48' title='bbox 737 496 790 522; x_wconf 90' lang='lat' dir='ltr'>ne</span> <span class='ocrx_word' id='word_1_49' title='bbox 822 482 1009 523; x_wconf 88' lang='lat' dir='ltr'>militem</span> <span class='ocrx_word' id='word_1_50' title='bbox 1042 482 1181 535; x_wconf 90' lang='lat' dir='ltr'>spatio</span> <span class='ocrx_word' id='word_1_51' title='bbox 1221 483 1352 537; x_wconf 89' lang='lat' dir='ltr'>longo</span> <span class='ocrx_word' id='word_1_52' title='bbox 1385 483 1453 525; x_wconf 90' lang='lat' dir='ltr'>de-</span> 
     </span>
     <span class='ocr_line' id='line_1_8' title="bbox 97 539 1451 594; baseline 0.003 -15"><span class='ocrx_word' id='word_1_53' title='bbox 97 539 315 593; x_wconf 81' lang='lat' dir='ltr'>fatigaret,</span> <span class='ocrx_word' id='word_1_54' title='bbox 348 540 465 580; x_wconf 90' lang='lat' dir='ltr'>abire</span> <span class='ocrx_word' id='word_1_55' title='bbox 497 540 672 581; x_wconf 80' lang='lat' dir='ltr'>interim</span> <span class='ocrx_word' id='word_1_56' title='bbox 699 540 897 594; x_wconf 89' lang='lat' dir='ltr'>permisit</span> <span class='ocrx_word' id='word_1_57' title='bbox 928 540 1147 594; x_wconf 80' lang='lat' dir='ltr'>innocuos,</span> <span class='ocrx_word' id='word_1_58' title='bbox 1180 556 1363 594; x_wconf 89' lang='lat' dir='ltr'>quorum</span> <span class='ocrx_word' id='word_1_59' title='bbox 1396 542 1451 583; x_wconf 89' lang='lat' dir='ltr'>le-</span> 
     </span>
     <span class='ocr_line' id='line_1_9' title="bbox 98 598 1450 654; baseline 0.003 -16"><span class='ocrx_word' id='word_1_60' title='bbox 98 598 212 652; x_wconf 88' lang='lat' dir='ltr'>gatis</span> <span class='ocrx_word' id='word_1_61' title='bbox 232 598 362 651; x_wconf 90' lang='lat' dir='ltr'>paulo</span> <span class='ocrx_word' id='word_1_62' title='bbox 387 601 541 652; x_wconf 89' lang='lat' dir='ltr'>postea</span> <span class='ocrx_word' id='word_1_63' title='bbox 559 599 704 640; x_wconf 90' lang='lat' dir='ltr'>missis</span> <span class='ocrx_word' id='word_1_64' title='bbox 724 602 947 653; x_wconf 87' lang='lat' dir='ltr'>precatum</span> <span class='ocrx_word' id='word_1_65' title='bbox 967 599 1299 654; x_wconf 75' lang='lat' dir='ltr'>consultumque</span> <span class='ocrx_word' id='word_1_66' title='bbox 1319 601 1450 642; x_wconf 89' lang='lat' dir='ltr'>rebus</span> 
     </span>
     <span class='ocr_line' id='line_1_10' title="bbox 98 656 1452 712; baseline 0.003 -15"><span class='ocrx_word' id='word_1_67' title='bbox 98 657 186 697; x_wconf 90' lang='lat' dir='ltr'>suis</span> <span class='ocrx_word' id='word_1_68' title='bbox 223 656 345 697; x_wconf 90' lang='lat' dir='ltr'>humi</span> <span class='ocrx_word' id='word_1_69' title='bbox 381 658 612 711; x_wconf 86' lang='lat' dir='ltr'>prostratis</span> <span class='ocrx_word' id='word_1_70' title='bbox 658 658 735 699; x_wconf 91' lang='lat' dir='ltr'>sub</span> <span class='ocrx_word' id='word_1_71' title='bbox 776 658 1001 699; x_wconf 87' lang='lat' dir='ltr'>obtutibus</span> <span class='ocrx_word' id='word_1_72' title='bbox 1042 659 1132 699; x_wconf 90' lang='lat' dir='ltr'>eius</span> <span class='ocrx_word' id='word_1_73' title='bbox 1175 673 1326 712; x_wconf 88' lang='lat' dir='ltr'>pacem</span> <span class='ocrx_word' id='word_1_74' title='bbox 1369 659 1452 701; x_wconf 88' lang='lat' dir='ltr'>hoc</span> 
     </span>
     <span class='ocr_line' id='line_1_11' title="bbox 43 715 1187 768; baseline 0.004 -15"><span class='ocrx_word' id='word_1_75' title='bbox 43 727 77 752; x_wconf 89' lang='lat'>10</span> <span class='ocrx_word' id='word_1_76' title='bbox 96 715 252 756; x_wconf 88' lang='lat' dir='ltr'>tribuit</span> <span class='ocrx_word' id='word_1_77' title='bbox 282 718 409 768; x_wconf 87' lang='lat' dir='ltr'>pacto</span> <span class='ocrx_word' id='word_1_78' title='bbox 442 718 490 757; x_wconf 92' lang='lat' dir='ltr'>ut</span> <span class='ocrx_word' id='word_1_79' title='bbox 522 717 575 757; x_wconf 89' lang='lat' dir='ltr'>ad</span> <span class='ocrx_word' id='word_1_80' title='bbox 608 732 685 758; x_wconf 89' lang='lat' dir='ltr'>sua</span> <span class='ocrx_word' id='word_1_81' title='bbox 715 717 906 758; x_wconf 85' lang='lat' dir='ltr'>redirent</span> <span class='ocrx_word' id='word_1_82' title='bbox 937 717 1187 758; x_wconf 82' lang='lat' dir='ltr'>incolumes.</span> 
     </span>
    </p>

    <p class='ocr_par' dir='ltr' id='par_1_3' title="bbox 93 773 1449 1006">
     <span class='ocr_line' id='line_1_12' title="bbox 215 773 1449 830; baseline 0.003 -16"><span class='ocrx_word' id='word_1_83' title='bbox 215 773 260 815; x_wconf 82' lang='lat'>9.</span> <span class='ocrx_word' id='word_1_84' title='bbox 297 775 331 814; x_wconf 86' lang='lat'>1.</span> <span class='ocrx_word' id='word_1_85' title='bbox 353 773 528 816; x_wconf 81' lang='lat' dir='ltr'>Cunctis</span> <span class='ocrx_word' id='word_1_86' title='bbox 551 776 686 830; x_wconf 87' lang='lat' dir='ltr'>igitur</span> <span class='ocrx_word' id='word_1_87' title='bbox 707 791 757 816; x_wconf 80' lang='lat' dir='ltr'>ex</span> <span class='ocrx_word' id='word_1_88' title='bbox 777 778 880 817; x_wconf 89' lang='lat' dir='ltr'>uoto</span> <span class='ocrx_word' id='word_1_89' title='bbox 902 776 1173 817; x_wconf 86' lang='lat' dir='ltr'>currentibus</span> <span class='ocrx_word' id='word_1_90' title='bbox 1195 776 1336 817; x_wconf 90' lang='lat' dir='ltr'>studio</span> <span class='ocrx_word' id='word_1_91' title='bbox 1358 791 1449 830; x_wconf 90' lang='lat' dir='ltr'>per-</span> 
     </span>
     <span class='ocr_line' id='line_1_13' title="bbox 94 832 1448 887; baseline 0.003 -15"><span class='ocrx_word' id='word_1_92' title='bbox 94 832 222 886; x_wconf 88' lang='lat' dir='ltr'>uigili</span> <span class='ocrx_word' id='word_1_93' title='bbox 268 847 502 887; x_wconf 88' lang='lat' dir='ltr'>properans</span> <span class='ocrx_word' id='word_1_94' title='bbox 559 835 696 875; x_wconf 90' lang='lat' dir='ltr'>modis</span> <span class='ocrx_word' id='word_1_95' title='bbox 740 835 939 875; x_wconf 90' lang='lat' dir='ltr'>omnibus</span> <span class='ocrx_word' id='word_1_96' title='bbox 983 835 1223 876; x_wconf 88' lang='lat' dir='ltr'>utilitatem</span> <span class='ocrx_word' id='word_1_97' title='bbox 1267 835 1448 876; x_wconf 87' lang='lat' dir='ltr'>fundare</span> 
     </span>
     <span class='ocr_line' id='line_1_14' title="bbox 93 891 1448 947; baseline 0.002 -16"><span class='ocrx_word' id='word_1_98' title='bbox 93 891 432 946; x_wconf 88' lang='lat' dir='ltr'>prouinciarum,</span> <span class='ocrx_word' id='word_1_99' title='bbox 470 893 739 934; x_wconf 87' lang='lat' dir='ltr'>munimenta</span> <span class='ocrx_word' id='word_1_100' title='bbox 775 893 861 934; x_wconf 91' lang='lat' dir='ltr'>tria</span> <span class='ocrx_word' id='word_1_101' title='bbox 898 896 1016 934; x_wconf 88' lang='lat' dir='ltr'>recta</span> <span class='ocrx_word' id='word_1_102' title='bbox 1055 894 1164 934; x_wconf 90' lang='lat' dir='ltr'>serie</span> <span class='ocrx_word' id='word_1_103' title='bbox 1206 894 1448 947; x_wconf 84' lang='lat' dir='ltr'>superciliis</span> 
     </span>
     <span class='ocr_line' id='line_1_15' title="bbox 94 949 1449 1006; baseline 0.003 -16"><span class='ocrx_word' id='word_1_104' title='bbox 94 949 283 1002; x_wconf 87' lang='lat' dir='ltr'>inposita</span> <span class='ocrx_word' id='word_1_105' title='bbox 314 951 505 992; x_wconf 89' lang='lat' dir='ltr'>fluminis</span> <span class='ocrx_word' id='word_1_106' title='bbox 536 951 696 1006; x_wconf 86' lang='lat' dir='ltr'>Mosae,</span> <span class='ocrx_word' id='word_1_107' title='bbox 729 952 936 992; x_wconf 90' lang='lat' dir='ltr'>subuersa</span> <span class='ocrx_word' id='word_1_108' title='bbox 963 952 1122 993; x_wconf 87' lang='lat' dir='ltr'>dudum</span> <span class='ocrx_word' id='word_1_109' title='bbox 1155 952 1449 994; x_wconf 88' lang='lat' dir='ltr'>obstinatione</span> 
     </span>
    </p>

    <p class='ocr_par' dir='ltr' id='par_1_4' title="bbox 41 1008 1450 1299">
     <span class='ocr_line' id='line_1_16' title="bbox 41 1008 1450 1065; baseline 0.003 -17"><span class='ocrx_word' id='word_1_110' title='bbox 41 1019 74 1044; x_wconf 87' lang='lat'>15</span> <span class='ocrx_word' id='word_1_111' title='bbox 94 1008 320 1049; x_wconf 88' lang='lat' dir='ltr'>barbarica</span> <span class='ocrx_word' id='word_1_112' title='bbox 340 1024 539 1063; x_wconf 87' lang='lat' dir='ltr'>reparare</span> <span class='ocrx_word' id='word_1_113' title='bbox 570 1025 650 1064; x_wconf 89' lang='lat' dir='ltr'>pro</span> <span class='ocrx_word' id='word_1_114' title='bbox 670 1013 864 1064; x_wconf 88' lang='lat' dir='ltr'>tempore</span> <span class='ocrx_word' id='word_1_115' title='bbox 886 1010 1120 1065; x_wconf 79' lang='lat' dir='ltr'>cogitabat,</span> <span class='ocrx_word' id='word_1_116' title='bbox 1153 1014 1196 1052; x_wconf 90' lang='lat' dir='ltr'>et</span> <span class='ocrx_word' id='word_1_117' title='bbox 1226 1011 1326 1052; x_wconf 89' lang='lat' dir='ltr'>ilico</span> <span class='ocrx_word' id='word_1_118' title='bbox 1349 1014 1450 1053; x_wconf 88' lang='lat' dir='ltr'>sunt</span> 
     </span>
     <span class='ocr_line' id='line_1_17' title="bbox 93 1067 1450 1123; baseline 0.003 -16"><span class='ocrx_word' id='word_1_119' title='bbox 93 1067 334 1108; x_wconf 88' lang='lat' dir='ltr'>instaurata</span> <span class='ocrx_word' id='word_1_120' title='bbox 377 1069 602 1122; x_wconf 86' lang='lat' dir='ltr'>procinctu</span> <span class='ocrx_word' id='word_1_121' title='bbox 646 1070 865 1123; x_wconf 87' lang='lat' dir='ltr'>paulisper</span> <span class='ocrx_word' id='word_1_122' title='bbox 911 1069 1082 1111; x_wconf 88' lang='lat' dir='ltr'>omisso.</span> <span class='ocrx_word' id='word_1_123' title='bbox 1150 1070 1189 1110; x_wconf 76' lang='lat'>2.</span> <span class='ocrx_word' id='word_1_124' title='bbox 1229 1072 1357 1123; x_wconf 87' lang='lat' dir='ltr'>atque</span> <span class='ocrx_word' id='word_1_125' title='bbox 1400 1073 1450 1112; x_wconf 88' lang='lat' dir='ltr'>ut</span> 
     </span>
     <span class='ocr_line' id='line_1_18' title="bbox 93 1126 1450 1181; baseline 0.002 -14"><span class='ocrx_word' id='word_1_126' title='bbox 93 1126 323 1168; x_wconf 91' lang='lat' dir='ltr'>consilium</span> <span class='ocrx_word' id='word_1_127' title='bbox 354 1127 541 1180; x_wconf 90' lang='lat' dir='ltr'>prudens</span> <span class='ocrx_word' id='word_1_128' title='bbox 574 1128 773 1169; x_wconf 86' lang='lat' dir='ltr'>celeritas</span> <span class='ocrx_word' id='word_1_129' title='bbox 806 1128 965 1169; x_wconf 89' lang='lat' dir='ltr'>faceret</span> <span class='ocrx_word' id='word_1_130' title='bbox 997 1131 1161 1181; x_wconf 86' lang='lat' dir='ltr'>tutum,</span> <span class='ocrx_word' id='word_1_131' title='bbox 1196 1143 1245 1169; x_wconf 84' lang='lat' dir='ltr'>ex</span> <span class='ocrx_word' id='word_1_132' title='bbox 1278 1143 1450 1171; x_wconf 84' lang='lat' dir='ltr'>annona</span> 
     </span>
     <span class='ocr_line' id='line_1_19' title="bbox 93 1183 1449 1241; baseline 0.002 -16"><span class='ocrx_word' id='word_1_133' title='bbox 93 1183 238 1226; x_wconf 89' lang='lat' dir='ltr'>decem</span> <span class='ocrx_word' id='word_1_134' title='bbox 270 1185 437 1226; x_wconf 86' lang='lat' dir='ltr'>dierum</span> <span class='ocrx_word' id='word_1_135' title='bbox 469 1189 512 1228; x_wconf 91' lang='lat' dir='ltr'>et</span> <span class='ocrx_word' id='word_1_136' title='bbox 545 1190 721 1241; x_wconf 89' lang='lat' dir='ltr'>septem,</span> <span class='ocrx_word' id='word_1_137' title='bbox 760 1201 889 1240; x_wconf 88' lang='lat' dir='ltr'>quam</span> <span class='ocrx_word' id='word_1_138' title='bbox 926 1188 972 1227; x_wconf 67' lang='lat' dir='ltr'>in</span> <span class='ocrx_word' id='word_1_139' title='bbox 1005 1187 1319 1240; x_wconf 83' lang='lat' dir='ltr'>expeditionem</span> <span class='ocrx_word' id='word_1_140' title='bbox 1356 1203 1449 1241; x_wconf 87' lang='lat' dir='ltr'>per-</span> 
     </span>
     <span class='ocr_line' id='line_1_20' title="bbox 94 1244 1447 1299; baseline 0.002 -15"><span class='ocrx_word' id='word_1_141' title='bbox 94 1256 198 1296; x_wconf 89' lang='lat' dir='ltr'>gens</span> <span class='ocrx_word' id='word_1_142' title='bbox 231 1244 418 1285; x_wconf 88' lang='lat' dir='ltr'>uehebat</span> <span class='ocrx_word' id='word_1_143' title='bbox 450 1245 689 1286; x_wconf 89' lang='lat' dir='ltr'>ceruicibus</span> <span class='ocrx_word' id='word_1_144' title='bbox 723 1245 861 1299; x_wconf 90' lang='lat' dir='ltr'>miles,</span> <span class='ocrx_word' id='word_1_145' title='bbox 901 1246 1146 1299; x_wconf 89' lang='lat' dir='ltr'>portionem</span> <span class='ocrx_word' id='word_1_146' title='bbox 1179 1246 1447 1287; x_wconf 87' lang='lat' dir='ltr'>subtractam</span> 
     </span>
    </p>

    <p class='ocr_par' dir='ltr' id='par_1_5' title="bbox 39 1301 1449 1593">
     <span class='ocr_line' id='line_1_21' title="bbox 39 1301 1449 1358; baseline 0.002 -15"><span class='ocrx_word' id='word_1_147' title='bbox 39 1313 73 1338; x_wconf 85' lang='lat'>20</span> <span class='ocrx_word' id='word_1_148' title='bbox 92 1302 138 1343; x_wconf 91' lang='lat' dir='ltr'>in</span> <span class='ocrx_word' id='word_1_149' title='bbox 168 1301 305 1343; x_wconf 89' lang='lat' dir='ltr'>isdem</span> <span class='ocrx_word' id='word_1_150' title='bbox 338 1303 528 1344; x_wconf 91' lang='lat' dir='ltr'>condidit</span> <span class='ocrx_word' id='word_1_151' title='bbox 555 1305 707 1345; x_wconf 89' lang='lat' dir='ltr'>castris</span> <span class='ocrx_word' id='word_1_152' title='bbox 741 1319 917 1358; x_wconf 89' lang='lat' dir='ltr'>sperans</span> <span class='ocrx_word' id='word_1_153' title='bbox 951 1318 1001 1345; x_wconf 79' lang='lat' dir='ltr'>ex</span> <span class='ocrx_word' id='word_1_154' title='bbox 1035 1303 1355 1346; x_wconf 84' lang='lat' dir='ltr'>Chamauorum</span> <span class='ocrx_word' id='word_1_155' title='bbox 1387 1320 1449 1346; x_wconf 94' lang='lat' dir='ltr'>se-</span> 
     </span>
     <span class='ocr_line' id='line_1_22' title="bbox 93 1361 1447 1418; baseline 0.002 -17"><span class='ocrx_word' id='word_1_156' title='bbox 93 1361 264 1415; x_wconf 86' lang='lat' dir='ltr'>getibus</span> <span class='ocrx_word' id='word_1_157' title='bbox 296 1362 339 1402; x_wconf 86' lang='lat' dir='ltr'>id</span> <span class='ocrx_word' id='word_1_158' title='bbox 371 1362 563 1415; x_wconf 89' lang='lat' dir='ltr'>suppleri</span> <span class='ocrx_word' id='word_1_159' title='bbox 594 1377 719 1416; x_wconf 88' lang='lat' dir='ltr'>posse</span> <span class='ocrx_word' id='word_1_160' title='bbox 741 1363 854 1416; x_wconf 88' lang='lat' dir='ltr'>quod</span> <span class='ocrx_word' id='word_1_161' title='bbox 887 1363 1083 1404; x_wconf 89' lang='lat' dir='ltr'>ablatum</span> <span class='ocrx_word' id='word_1_162' title='bbox 1107 1366 1184 1404; x_wconf 90' lang='lat' dir='ltr'>est.</span> <span class='ocrx_word' id='word_1_163' title='bbox 1247 1364 1284 1404; x_wconf 84' lang='lat'>3.</span> <span class='ocrx_word' id='word_1_164' title='bbox 1316 1363 1447 1418; x_wconf 88' lang='lat' dir='ltr'>longe</span> 
     </span>
     <span class='ocr_line' id='line_1_23' title="bbox 91 1420 1448 1475; baseline 0.002 -15"><span class='ocrx_word' id='word_1_165' title='bbox 91 1422 236 1460; x_wconf 89' lang='lat' dir='ltr'>autem</span> <span class='ocrx_word' id='word_1_166' title='bbox 277 1420 404 1461; x_wconf 91' lang='lat' dir='ltr'>aliter</span> <span class='ocrx_word' id='word_1_167' title='bbox 446 1421 611 1462; x_wconf 85' lang='lat' dir='ltr'>accidit.</span> <span class='ocrx_word' id='word_1_168' title='bbox 682 1421 883 1475; x_wconf 88' lang='lat' dir='ltr'>frugibus</span> <span class='ocrx_word' id='word_1_169' title='bbox 926 1422 1040 1462; x_wconf 89' lang='lat' dir='ltr'>enim</span> <span class='ocrx_word' id='word_1_170' title='bbox 1080 1422 1271 1463; x_wconf 90' lang='lat' dir='ltr'>nondum</span> <span class='ocrx_word' id='word_1_171' title='bbox 1315 1423 1448 1463; x_wconf 90' lang='lat' dir='ltr'>etiam</span> 
     </span>
     <span class='ocr_line' id='line_1_24' title="bbox 90 1479 1448 1534; baseline 0.002 -15"><span class='ocrx_word' id='word_1_172' title='bbox 90 1479 272 1519; x_wconf 86' lang='lat' dir='ltr'>maturis</span> <span class='ocrx_word' id='word_1_173' title='bbox 306 1479 442 1532; x_wconf 84' lang='lat' dir='ltr'>miles,</span> <span class='ocrx_word' id='word_1_174' title='bbox 476 1480 672 1533; x_wconf 83' lang='lat' dir='ltr'>expensis</span> <span class='ocrx_word' id='word_1_175' title='bbox 694 1495 803 1534; x_wconf 89' lang='lat' dir='ltr'>quae</span> <span class='ocrx_word' id='word_1_176' title='bbox 834 1481 1052 1534; x_wconf 89' lang='lat' dir='ltr'>portabat,</span> <span class='ocrx_word' id='word_1_177' title='bbox 1084 1495 1299 1534; x_wconf 84' lang='lat' dir='ltr'>nusquam</span> <span class='ocrx_word' id='word_1_178' title='bbox 1330 1495 1448 1534; x_wconf 87' lang='lat' dir='ltr'>repe-</span> 
     </span>
     <span class='ocr_line' id='line_1_25' title="bbox 90 1537 1448 1593; baseline 0.003 -16"><span class='ocrx_word' id='word_1_179' title='bbox 90 1537 205 1578; x_wconf 90' lang='lat' dir='ltr'>riens</span> <span class='ocrx_word' id='word_1_180' title='bbox 240 1537 390 1590; x_wconf 88' lang='lat' dir='ltr'>uictus,</span> <span class='ocrx_word' id='word_1_181' title='bbox 425 1541 618 1580; x_wconf 85' lang='lat' dir='ltr'>extrema</span> <span class='ocrx_word' id='word_1_182' title='bbox 649 1539 856 1580; x_wconf 89' lang='lat' dir='ltr'>minitans</span> <span class='ocrx_word' id='word_1_183' title='bbox 878 1538 1448 1593; x_wconf 86' lang='lat' dir='ltr'>Iulianumconpellationi-</span> 
     </span>
    </p>

    <p class='ocr_par' dir='ltr' id='par_1_6' title="bbox 34 1596 1447 1887">
     <span class='ocr_line' id='line_1_26' title="bbox 34 1596 1443 1652; baseline 0.004 -18"><span class='ocrx_word' id='word_1_184' title='bbox 34 1607 70 1633; x_wconf 83' lang='lat'>25</span> <span class='ocrx_word' id='word_1_185' title='bbox 89 1596 170 1636; x_wconf 89' lang='lat' dir='ltr'>bus</span> <span class='ocrx_word' id='word_1_186' title='bbox 201 1596 443 1637; x_wconf 84' lang='lat' dir='ltr'>incessebat</span> <span class='ocrx_word' id='word_1_187' title='bbox 475 1600 518 1638; x_wconf 91' lang='lat' dir='ltr'>et</span> <span class='ocrx_word' id='word_1_188' title='bbox 548 1597 731 1651; x_wconf 87' lang='lat' dir='ltr'>probris,</span> <span class='ocrx_word' id='word_1_189' title='bbox 764 1597 978 1639; x_wconf 87' lang='lat' dir='ltr'>Asianum</span> <span class='ocrx_word' id='word_1_190' title='bbox 1011 1598 1235 1652; x_wconf 88' lang='lat' dir='ltr'>appellans</span> <span class='ocrx_word' id='word_1_191' title='bbox 1259 1597 1443 1639; x_wconf 81' lang='lat' dir='ltr'>Graecu-</span> 
     </span>
     <span class='ocr_line' id='line_1_27' title="bbox 90 1654 1446 1711; baseline 0.003 -17"><span class='ocrx_word' id='word_1_192' title='bbox 90 1654 181 1695; x_wconf 92' lang='lat' dir='ltr'>lum</span> <span class='ocrx_word' id='word_1_193' title='bbox 214 1658 256 1695; x_wconf 88' lang='lat' dir='ltr'>et</span> <span class='ocrx_word' id='word_1_194' title='bbox 287 1654 488 1697; x_wconf 84' lang='lat' dir='ltr'>fallacem</span> <span class='ocrx_word' id='word_1_195' title='bbox 514 1658 557 1697; x_wconf 92' lang='lat' dir='ltr'>et</span> <span class='ocrx_word' id='word_1_196' title='bbox 589 1656 729 1710; x_wconf 87' lang='lat' dir='ltr'>specie</span> <span class='ocrx_word' id='word_1_197' title='bbox 762 1656 999 1710; x_wconf 88' lang='lat' dir='ltr'>sapientiae</span> <span class='ocrx_word' id='word_1_198' title='bbox 1033 1657 1251 1698; x_wconf 89' lang='lat' dir='ltr'>stolidum.</span> <span class='ocrx_word' id='word_1_199' title='bbox 1312 1659 1446 1711; x_wconf 89' lang='lat' dir='ltr'>utque</span> 
     </span>
     <span class='ocr_line' id='line_1_28' title="bbox 89 1713 1447 1768; baseline 0.002 -15"><span class='ocrx_word' id='word_1_200' title='bbox 89 1713 276 1754; x_wconf 86' lang='lat' dir='ltr'>inueniri</span> <span class='ocrx_word' id='word_1_201' title='bbox 309 1714 450 1755; x_wconf 89' lang='lat' dir='ltr'>solent</span> <span class='ocrx_word' id='word_1_202' title='bbox 483 1715 657 1768; x_wconf 88' lang='lat' dir='ltr'>quidam</span> <span class='ocrx_word' id='word_1_203' title='bbox 695 1715 809 1756; x_wconf 86' lang='lat' dir='ltr'>inter</span> <span class='ocrx_word' id='word_1_204' title='bbox 840 1718 1029 1756; x_wconf 87' lang='lat' dir='ltr'>armatos</span> <span class='ocrx_word' id='word_1_205' title='bbox 1062 1716 1295 1756; x_wconf 89' lang='lat' dir='ltr'>uerborum</span> <span class='ocrx_word' id='word_1_206' title='bbox 1326 1715 1447 1757; x_wconf 88' lang='lat' dir='ltr'>uolu-</span> 
     </span>
     <span class='ocr_line' id='line_1_29' title="bbox 88 1771 1446 1828; baseline 0.002 -16"><span class='ocrx_word' id='word_1_207' title='bbox 88 1771 260 1813; x_wconf 84' lang='lat' dir='ltr'>bilitate</span> <span class='ocrx_word' id='word_1_208' title='bbox 302 1773 538 1827; x_wconf 88' lang='lat' dir='ltr'>conspicui,</span> <span class='ocrx_word' id='word_1_209' title='bbox 578 1773 685 1815; x_wconf 85' lang='lat' dir='ltr'>haec</span> <span class='ocrx_word' id='word_1_210' title='bbox 727 1777 770 1815; x_wconf 92' lang='lat' dir='ltr'>et</span> <span class='ocrx_word' id='word_1_211' title='bbox 812 1774 973 1815; x_wconf 89' lang='lat' dir='ltr'>similia</span> <span class='ocrx_word' id='word_1_212' title='bbox 1005 1775 1144 1816; x_wconf 86' lang='lat' dir='ltr'>multa</span> <span class='ocrx_word' id='word_1_213' title='bbox 1177 1775 1446 1828; x_wconf 87' lang='lat' dir='ltr'>strepebant:</span> 
     </span>
     <span class='ocr_line' id='line_1_30' title="bbox 89 1830 1446 1887; baseline 0.002 -16"><span class='ocrx_word' id='word_1_214' title='bbox 89 1831 128 1871; x_wconf 86' lang='lat'>4.</span> <span class='ocrx_word' id='word_1_215' title='bbox 159 1830 256 1884; x_wconf 78' lang='lat' dir='ltr'>‘quo</span> <span class='ocrx_word' id='word_1_216' title='bbox 288 1831 501 1872; x_wconf 88' lang='lat' dir='ltr'>trahimur</span> <span class='ocrx_word' id='word_1_217' title='bbox 540 1847 614 1886; x_wconf 88' lang='lat' dir='ltr'>spe</span> <span class='ocrx_word' id='word_1_218' title='bbox 647 1833 877 1874; x_wconf 88' lang='lat' dir='ltr'>meliorum</span> <span class='ocrx_word' id='word_1_219' title='bbox 909 1833 1092 1887; x_wconf 84' lang='lat' dir='ltr'>abolita,</span> <span class='ocrx_word' id='word_1_220' title='bbox 1134 1833 1240 1874; x_wconf 90' lang='lat' dir='ltr'>olim</span> <span class='ocrx_word' id='word_1_221' title='bbox 1273 1833 1446 1887; x_wconf 89' lang='lat' dir='ltr'>quidem</span> 
     </span>
    </p>

    <p class='ocr_par' dir='ltr' id='par_1_7' title="bbox 34 1889 1447 2180">
     <span class='ocr_line' id='line_1_31' title="bbox 34 1889 1447 1945; baseline 0.002 -16"><span class='ocrx_word' id='word_1_222' title='bbox 34 1900 70 1926; x_wconf 80' lang='lat'>30</span> <span class='ocrx_word' id='word_1_223' title='bbox 91 1889 196 1930; x_wconf 83' lang='lat' dir='ltr'>dura</span> <span class='ocrx_word' id='word_1_224' title='bbox 237 1893 280 1930; x_wconf 91' lang='lat' dir='ltr'>et</span> <span class='ocrx_word' id='word_1_225' title='bbox 319 1905 525 1944; x_wconf 87' lang='lat' dir='ltr'>perpessu</span> <span class='ocrx_word' id='word_1_226' title='bbox 566 1892 806 1945; x_wconf 88' lang='lat' dir='ltr'>asperrima</span> <span class='ocrx_word' id='word_1_227' title='bbox 845 1906 922 1945; x_wconf 90' lang='lat' dir='ltr'>per</span> <span class='ocrx_word' id='word_1_228' title='bbox 961 1892 1083 1932; x_wconf 88' lang='lat' dir='ltr'>niues</span> <span class='ocrx_word' id='word_1_229' title='bbox 1124 1892 1360 1932; x_wconf 90' lang='lat' dir='ltr'>tolerantes</span> <span class='ocrx_word' id='word_1_230' title='bbox 1404 1894 1447 1932; x_wconf 91' lang='lat' dir='ltr'>et</span> 
     </span>
     <span class='ocr_line' id='line_1_32' title="bbox 90 1948 1443 2004; baseline 0.002 -16"><span class='ocrx_word' id='word_1_231' title='bbox 90 1948 290 1989; x_wconf 88' lang='lat' dir='ltr'>acumina</span> <span class='ocrx_word' id='word_1_232' title='bbox 322 1949 559 1990; x_wconf 90' lang='lat' dir='ltr'>crudelium</span> <span class='ocrx_word' id='word_1_233' title='bbox 590 1950 874 2003; x_wconf 80' lang='lat' dir='ltr'>pruinarum?</span> <span class='ocrx_word' id='word_1_234' title='bbox 909 1950 982 1991; x_wconf 87' lang='lat' dir='ltr'>sed</span> <span class='ocrx_word' id='word_1_235' title='bbox 1001 1965 1114 1991; x_wconf 90' lang='lat' dir='ltr'>nunc</span> <span class='ocrx_word' id='word_1_236' title='bbox 1135 1975 1190 1978; x_wconf 97' lang='lat'><strong>—</strong></span> <span class='ocrx_word' id='word_1_237' title='bbox 1211 1964 1288 2004; x_wconf 85' lang='lat' dir='ltr'>pro</span> <span class='ocrx_word' id='word_1_238' title='bbox 1321 1950 1443 1991; x_wconf 89' lang='lat' dir='ltr'>nefas</span> 
     </span>
     <span class='ocr_line' id='line_1_33' title="bbox 90 2007 1445 2063; baseline 0.001 -15"><span class='ocrx_word' id='word_1_239' title='bbox 90 2031 145 2035; x_wconf 92' lang='grc'>--</span> <span class='ocrx_word' id='word_1_240' title='bbox 167 2021 262 2048; x_wconf 89' lang='lat' dir='ltr'>cum</span> <span class='ocrx_word' id='word_1_241' title='bbox 282 2007 450 2049; x_wconf 90' lang='lat' dir='ltr'>ultimis</span> <span class='ocrx_word' id='word_1_242' title='bbox 483 2008 676 2049; x_wconf 89' lang='lat' dir='ltr'>hostium</span> <span class='ocrx_word' id='word_1_243' title='bbox 707 2008 809 2049; x_wconf 88' lang='lat' dir='ltr'>fatis</span> <span class='ocrx_word' id='word_1_244' title='bbox 841 2009 1067 2062; x_wconf 87' lang='lat' dir='ltr'>instamus,</span> <span class='ocrx_word' id='word_1_245' title='bbox 1099 2008 1224 2062; x_wconf 86' lang='lat' dir='ltr'>fame,</span> <span class='ocrx_word' id='word_1_246' title='bbox 1256 2009 1445 2063; x_wconf 89' lang='lat' dir='ltr'>ignauis-</span> 
     </span>
     <span class='ocr_line' id='line_1_34' title="bbox 90 2065 1446 2121; baseline 0.002 -16"><span class='ocrx_word' id='word_1_247' title='bbox 90 2065 199 2106; x_wconf 89' lang='lat' dir='ltr'>simo</span> <span class='ocrx_word' id='word_1_248' title='bbox 232 2066 385 2107; x_wconf 86' lang='lat' dir='ltr'>mortis</span> <span class='ocrx_word' id='word_1_249' title='bbox 418 2080 572 2120; x_wconf 87' lang='lat' dir='ltr'>genere</span> <span class='ocrx_word' id='word_1_250' title='bbox 603 2067 883 2108; x_wconf 89' lang='lat' dir='ltr'>tabescentes.</span> <span class='ocrx_word' id='word_1_251' title='bbox 946 2066 985 2108; x_wconf 83' lang='lat'>5.</span> <span class='ocrx_word' id='word_1_252' title='bbox 1018 2070 1061 2108; x_wconf 91' lang='lat' dir='ltr'>et</span> <span class='ocrx_word' id='word_1_253' title='bbox 1091 2067 1221 2121; x_wconf 87' lang='lat' dir='ltr'>nequi</span> <span class='ocrx_word' id='word_1_254' title='bbox 1252 2082 1330 2108; x_wconf 91' lang='lat' dir='ltr'>nos</span> <span class='ocrx_word' id='word_1_255' title='bbox 1357 2070 1446 2108; x_wconf 88' lang='lat' dir='ltr'>tur-</span> 
     </span>
     <span class='ocr_line' id='line_1_35' title="bbox 88 2123 1445 2180; baseline 0.002 -16"><span class='ocrx_word' id='word_1_256' title='bbox 88 2123 243 2165; x_wconf 87' lang='lat' dir='ltr'>barum</span> <span class='ocrx_word' id='word_1_257' title='bbox 275 2125 493 2166; x_wconf 85' lang='lat' dir='ltr'>existimet</span> <span class='ocrx_word' id='word_1_258' title='bbox 525 2126 773 2180; x_wconf 88' lang='lat' dir='ltr'>concitores,</span> <span class='ocrx_word' id='word_1_259' title='bbox 805 2140 883 2179; x_wconf 83' lang='lat' dir='ltr'>pro</span> <span class='ocrx_word' id='word_1_260' title='bbox 915 2126 1010 2167; x_wconf 89' lang='lat' dir='ltr'>uita</span> <span class='ocrx_word' id='word_1_261' title='bbox 1040 2126 1161 2180; x_wconf 92' lang='lat' dir='ltr'>loqui</span> <span class='ocrx_word' id='word_1_262' title='bbox 1194 2126 1288 2167; x_wconf 87' lang='lat' dir='ltr'>sola</span> <span class='ocrx_word' id='word_1_263' title='bbox 1314 2129 1445 2167; x_wconf 89' lang='lat' dir='ltr'>testa-</span> 
     </span>
    </p>
   </div>
   <div class='ocr_carea' id='block_1_3' title="bbox 98 2207 380 2214">
    <p class='ocr_par' dir='ltr' id='par_1_8' title="bbox 98 2207 380 2214">
     <span class='ocr_line' id='line_1_36' title="bbox 98 2207 380 2214; baseline 0 0"><span class='ocrx_word' id='word_1_264' title='bbox 98 2207 380 2214; x_wconf 95' lang='lat' dir='ltr'> </span> 
     </span>
    </p>
   </div>
   <div class='ocr_carea' id='block_1_4' title="bbox 92 2235 1444 2416">
    <p class='ocr_par' dir='ltr' id='par_1_9' title="bbox 92 2235 1444 2416">
     <span class='ocr_line' id='line_1_37' title="bbox 181 2235 1444 2275; baseline 0.001 -2"><span class='ocrx_word' id='word_1_265' title='bbox 181 2239 229 2273; x_wconf 81' lang='lat'>*3</span> <span class='ocrx_word' id='word_1_266' title='bbox 255 2249 363 2272; x_wconf 80' lang='lat' dir='ltr'>ausus</span> <span class='ocrx_word' id='word_1_267' title='bbox 398 2239 466 2273; x_wconf 91' lang='lat' dir='ltr'>VP</span> <span class='ocrx_word' id='word_1_268' title='bbox 535 2244 554 2274; x_wconf 89' lang='lat'>9</span> <span class='ocrx_word' id='word_1_269' title='bbox 588 2240 665 2274; x_wconf 88' lang='lat' dir='ltr'>eius</span> <span class='ocrx_word' id='word_1_270' title='bbox 697 2250 763 2275; x_wconf 85' lang='lat' dir='ltr'>om.</span> <span class='ocrx_word' id='word_1_271' title='bbox 788 2240 808 2275; x_wconf 87' lang='lat' dir='ltr'>b</span> <span class='ocrx_word' id='word_1_272' title='bbox 862 2235 943 2274; x_wconf 71' lang='lat'>&#39;⁴²11</span> <span class='ocrx_word' id='word_1_273' title='bbox 971 2251 1015 2274; x_wconf 85' lang='lat' dir='ltr'>ex</span> <span class='ocrx_word' id='word_1_274' title='bbox 1043 2240 1113 2274; x_wconf 80' lang='lat' dir='ltr'>GA</span> <span class='ocrx_word' id='word_1_275' title='bbox 1141 2251 1207 2274; x_wconf 81' lang='lat' dir='ltr'>rex</span> <span class='ocrx_word' id='word_1_276' title='bbox 1235 2240 1304 2274; x_wconf 90' lang='lat' dir='ltr'>VP</span> <span class='ocrx_word' id='word_1_277' title='bbox 1327 2250 1393 2275; x_wconf 83' lang='lat' dir='ltr'>om.</span> <span class='ocrx_word' id='word_1_278' title='bbox 1424 2242 1444 2275; x_wconf 81' lang='lat' dir='ltr'>b</span> 
     </span>
     <span class='ocr_line' id='line_1_38' title="bbox 96 2283 1444 2328; baseline 0.003 -13"><span class='ocrx_word' id='word_1_279' title='bbox 96 2286 136 2316; x_wconf 87' lang='grc'>16</span> <span class='ocrx_word' id='word_1_280' title='bbox 162 2283 274 2326; x_wconf 85' lang='lat' dir='ltr'>atque</span> <span class='ocrx_word' id='word_1_281' title='bbox 300 2284 367 2328; x_wconf 68' lang='lat' dir='ltr'>bqa</span> <span class='ocrx_word' id='word_1_282' title='bbox 391 2285 506 2327; x_wconf 85' lang='lat' dir='ltr'>utque</span> <span class='ocrx_word' id='word_1_283' title='bbox 538 2284 606 2318; x_wconf 91' lang='lat' dir='ltr'>VP</span> <span class='ocrx_word' id='word_1_284' title='bbox 669 2288 709 2319; x_wconf 86' lang='lat'>18</span> <span class='ocrx_word' id='word_1_285' title='bbox 726 2285 765 2318; x_wconf 90' lang='lat' dir='ltr'>in</span> <span class='ocrx_word' id='word_1_286' title='bbox 786 2285 819 2319; x_wconf 75' lang='lat' dir='ltr'><em>G</em></span> <span class='ocrx_word' id='word_1_287' title='bbox 843 2285 890 2319; x_wconf 86' lang='lat' dir='ltr'>ad</span> <span class='ocrx_word' id='word_1_288' title='bbox 907 2285 943 2319; x_wconf 87' lang='lat' dir='ltr'><strong><em>A</em></strong></span> <span class='ocrx_word' id='word_1_289' title='bbox 959 2295 1016 2319; x_wconf 83' lang='lat' dir='ltr'>om</span> <span class='ocrx_word' id='word_1_290' title='bbox 1049 2285 1138 2319; x_wconf 88' lang='lat' dir='ltr'>VPb</span> <span class='ocrx_word' id='word_1_291' title='bbox 1201 2289 1243 2320; x_wconf 80' lang='lat'>27</span> <span class='ocrx_word' id='word_1_292' title='bbox 1268 2285 1444 2319; x_wconf 83' lang='lat' dir='ltr'>uolubili-</span> 
     </span>
     <span class='ocr_line' id='line_1_39' title="bbox 92 2327 1444 2416; baseline 0.002 -56"><span class='ocrx_word' id='word_1_293' title='bbox 92 2327 582 2416; x_wconf 45' lang='lat' dir='ltr'>gteiqfipypslpoluptilitate</span> <span class='ocrx_word' id='word_1_294' title='bbox 611 2328 647 2363; x_wconf 91' lang='lat' dir='ltr'><strong><em>V</em></strong></span> <span class='ocrx_word' id='word_1_295' title='bbox 716 2335 758 2365; x_wconf 80' lang='lat'>32</span> <span class='ocrx_word' id='word_1_296' title='bbox 782 2330 868 2365; x_wconf 85' lang='lat' dir='ltr'>fatis</span> <span class='ocrx_word' id='word_1_297' title='bbox 895 2330 928 2365; x_wconf 75' lang='lat' dir='ltr'><strong><em>G</em></strong></span> <span class='ocrx_word' id='word_1_298' title='bbox 954 2330 1060 2364; x_wconf 86' lang='lat' dir='ltr'>factis</span> <span class='ocrx_word' id='word_1_299' title='bbox 1089 2330 1204 2364; x_wconf 83' lang='lat' dir='ltr'>VPba</span> <span class='ocrx_word' id='word_1_300' title='bbox 1273 2334 1316 2365; x_wconf 84' lang='lat'>34</span> <span class='ocrx_word' id='word_1_301' title='bbox 1340 2329 1444 2373; x_wconf 88' lang='lat' dir='ltr'>loqui</span> 
     </span>
    </p>
   </div>
   <div class='ocr_carea' id='block_1_5' title="bbox 164 2435 1227 2469">
    <p class='ocr_par' dir='ltr' id='par_1_10' title="bbox 164 2435 1227 2469">
     <span class='ocr_line' id='line_1_40' title="bbox 164 2435 1227 2469; baseline 0.008 -9"><span class='ocrx_word' id='word_1_302' title='bbox 164 2435 340 2462; x_wconf 63' lang='lat' dir='ltr'>Amrnssvs</span> <span class='ocrx_word' id='word_1_303' title='bbox 362 2436 606 2463; x_wconf 65' lang='lat' dir='ltr'>MAchmevs.</span> <span class='ocrx_word' id='word_1_304' title='bbox 1074 2466 1075 2469; x_wconf 70' lang='grc'>,</span> <span class='ocrx_word' id='word_1_305' title='bbox 1208 2437 1227 2465; x_wconf 82' lang='grc'>9</span> 
     </span>
    </p>
   </div>
  </div>
 </body>
</html>
