1614 2549
17 36 59 88 i(

25 743 59 768 10

24 1035 58 1061 15

23 1328 57 1354 20

22 1621 56 1647 25

21 1915 56 1941 30

401 107 740 143 CONSTANTIVS
764 108 826 143 ET
852 108 1081 144 IVLIANVS
1107 114 1172 145 358
1353 113 1432 154 137

81 202 255 244 uincula
286 202 602 244 conseruandae
635 205 859 256 gratanter
891 203 1078 257 amplexi
1111 207 1222 245 sunt.
1271 205 1336 246 16.
1369 206 1432 246 in-

81 262 261 315 gerebat
294 263 438 302 autem
471 275 515 302 se
546 264 646 315 post
678 261 783 303 haec
815 262 1028 303 maximus
1059 277 1264 304 numerus
1297 267 1432 305 cater-

79 334 235 361 uarum
273 319 580 361 confluentium
610 320 837 361 nationum
876 324 918 362 et
954 334 1125 375 regum,
1164 323 1365 376 suspendi
1405 338 1431 364 a

79 378 243 444 iugulis
263 378 352 419 suis
385 378 552 432 gladios
573 379 890 421 obsecrantium
913 382 1144 446 postquam
1164 380 1432 423 Araharium

79 436 237 491 inpune
289 440 570 491 conpererant
614 437 890 478 abscessisse:
940 440 983 479 et
1032 439 1126 491 pari
1175 440 1301 481 modo
1346 440 1432 494 ipsi

80 509 249 549 quoque
282 496 426 550 adepti
456 510 623 549 pacem,
656 510 784 549 quam
816 496 1063 549 poscebant,
1097 497 1255 538 accitos
1288 513 1338 540 ex
1370 500 1433 540 in-

79 553 200 596 timis
230 554 377 608 regm‘s
413 568 641 608 procerum
678 554 793 595 filios
827 554 1048 596 obsidatus
1082 559 1197 596 sorte
1231 557 1432 610 opinione

79 612 261 653 celerius
301 613 551 654 obtulerunt
588 613 823 667 itidemque
856 614 1072 667 captiuos,
1111 617 1159 655 ut
1196 615 1433 669 placuerat,

76 673 269 725 nostros,
319 686 426 726 quos
469 671 577 713 haut
619 672 785 713 minore
831 672 995 726 gemitu
1032 673 1254 726 perdidere
1299 689 1430 728 quam

79 743 192 771 suos.

199 789 265 829 17.
310 787 476 837 Quibus
518 789 725 830 ordinatis
764 790 978 830 translata
1016 792 1081 830 est
1124 790 1169 831 in
1208 789 1430 833 Sarmatas

78 860 180 887 cura
211 847 488 888 miseratione
521 848 674 902 dignos
705 848 851 902 potius
885 863 1014 902 quam
1048 849 1290 890 simultate:
1341 850 1432 904 qui-

77 905 158 946 bus
208 906 459 947 incredibile
511 909 719 960 quantum
773 907 1075 960 prosperitatis
1125 907 1231 948 haec
1282 909 1432 949 attulit

78 977 225 1005 causa:
268 968 316 1005 ut
353 979 504 1005 uerum
542 965 651 1006 illud
690 965 1008 1019 aestimaretur,
1047 966 1161 1020 quod
1199 966 1431 1020 opinantur

79 1022 270 1076 quidam,
326 1023 464 1064 fatum
514 1023 629 1064 uinci
678 1024 887 1078 principis
937 1027 1154 1077 potestate
1203 1025 1275 1066 uel
1325 1025 1431 1066 fieri.

80 1081 146 1122 18.
188 1084 386 1135 potentes
426 1082 531 1123 olim
570 1097 618 1123 ac
655 1083 824 1123 nobiles
864 1086 986 1124 erant
1029 1083 1158 1125 huius
1202 1084 1431 1138 indigenae

75 1140 210 1194 regni,
238 1140 310 1181 sed
331 1141 570 1182 coniuratio
603 1141 870 1182 clandestina
902 1156 1048 1183 seruos
1082 1142 1269 1183 armauit
1301 1143 1345 1183 in
1370 1143 1431 1184 fa-

77 1198 210 1240 cinus.
242 1202 371 1253 atque
397 1202 446 1240 ut
477 1200 674 1241 barbaris
708 1215 800 1241 esse
834 1214 958 1240 omne
990 1201 1056 1241 ius
1089 1201 1134 1241 in
1162 1201 1328 1242 uiribus
1362 1201 1431 1242 ad-

78 1258 236 1311 sueuit,
287 1258 485 1299 uicerunt
529 1259 725 1300 dominos
770 1259 930 1299 ferocia
972 1274 1098 1312 pares
1143 1260 1217 1300 sed
1247 1274 1428 1301 numero

76 1317 406 1369 praeminentes.
473 1317 537 1358 19.
588 1318 661 1371 qui
694 1317 979 1358 confundente
1012 1320 1129 1359 metu
1163 1318 1344 1359 consilia
1376 1319 1430 1359 ad

76 1373 333 1416 Victohalos
366 1376 573 1416 discretos
607 1376 779 1430 longius
813 1376 1117 1430 confugerunt,
1151 1377 1330 1431 obsequi
1362 1377 1430 1417 de-

75 1432 319 1475 fensoribus
364 1436 413 1475 ut
455 1434 500 1475 in
542 1434 670 1476 malis
715 1434 907 1488 optabile
953 1450 1081 1489 quam
1127 1436 1288 1476 seruire
1339 1435 1429 1476 suis

75 1492 302 1546 mancipiis
330 1493 552 1534 arbitrati:
585 1508 692 1547 quae
713 1493 987 1547 deplorantes
1019 1496 1119 1547 post
1150 1494 1430 1547 impetratam

75 1551 247 1592 ueniam
279 1552 442 1605 recepti
480 1552 525 1593 in
556 1552 684 1593 fidem
721 1552 957 1606 poscebant
988 1552 1202 1606 praesidia
1233 1552 1430 1593 libertati

76 1623 232 1664 eosque
263 1610 492 1665 iniquitate
523 1611 587 1651 rei
617 1614 839 1664 permotus
871 1611 1139 1665 inspectante
1172 1611 1289 1652 omni
1316 1625 1431 1652 exer-

76 1668 165 1710 citu
197 1672 454 1710 conuocatos
487 1669 713 1711 adlocutus
750 1669 897 1710 uerbis
935 1669 1208 1711 mollioribus
1247 1670 1429 1723 impera-

76 1729 145 1768 tor
181 1728 292 1768 nulli
329 1728 415 1769 nisi
452 1728 536 1769 sibi
575 1728 839 1782 ducibusque
876 1727 1085 1770 Romanis
1123 1743 1272 1782 parere
1309 1743 1430 1782 prae-

75 1786 201 1839 cepit.
238 1787 306 1828 20.
338 1790 465 1841 atque
498 1789 547 1828 ut
577 1787 798 1828 restitutio
830 1787 1048 1828 libertatis
1081 1787 1261 1828 haberet
1292 1787 1430 1841 digni-

74 1845 182 1886 tatis
216 1849 508 1899 augmentum,
541 1845 702 1886 Zizaim
734 1859 882 1899 regem
914 1846 1050 1887 isdem
1081 1846 1300 1900 praefecit,
1333 1860 1428 1886 con-

76 1903 248 1957 spicuae
286 1904 484 1946 fortunae
521 1907 616 1945 tum
655 1904 899 1958 insignibus
940 1908 1091 1958 aptum
1126 1905 1341 1970 profecto,
1379 1906 1430 1944 ut

74 1976 142 2003 res
180 1962 344 2016 docuit,
389 1966 430 2004 et
474 1963 662 2016 fidelem,
704 1977 781 2003 nec
814 1963 1029 2004 discedere
1062 1963 1290 2017 quisquam
1328 1964 1430 2016 post

74 2020 180 2062 haec
213 2021 401 2075 gloriose
435 2025 559 2075 gesta
596 2021 832 2074 permissus
867 2024 932 2063 est
966 2024 1214 2075 antequam,
1252 2023 1301 2062 ut
1338 2021 1430 2074 pla-

76 2083 235 2133 cuerat,
266 2083 508 2121 remeaient
539 2080 678 2121 nostri
712 2080 885 2134 captiui
925 2081 992 2121 21.
1024 2080 1092 2121 his
1125 2081 1170 2121 in
1200 2079 1430 2121 barbarico

75 2138 211 2192 gestis
243 2138 549 2193 Bregetionem
582 2142 724 2180 castra
756 2142 971 2180 commota
992 2142 1103 2193 sunt,
1134 2141 1183 2180 ut
1210 2139 1340 2180 etiam
1366 2137 1430 2179 ibi

164 2256 184 2286 5
209 2254 431 2302 conpererat
458 2253 527 2287 VP
618 2258 637 2287 7
656 2254 781 2296 regnis
806 2254 938 2297 scripsi
962 2254 1068 2304 regni
1086 2253 1190 2288 codd.
1285 2258 1325 2287 13
1343 2262 1428 2296 pro-

74 2307 89 2330 s
119 2297 262 2331 eritatis
289 2297 322 2332 G
345 2310 382 2331 m
406 2298 666 2342 prosperitatis
696 2298 763 2332 VP
786 2298 874 2332 inde
899 2298 1159 2349 prosperitatis
1183 2298 1220 2332 A
1312 2301 1354 2331 16
1380 2308 1429 2341 ag

110 2341 148 2375 P
237 2345 278 2376 21
305 2341 522 2377 Victohalos
553 2343 620 2377 ba
713 2347 756 2377 22
781 2344 921 2377 seruire
954 2343 1028 2377 suis
1055 2343 1088 2378 G
1119 2343 1300 2377 seruitute
1338 2341 1428 2376 VPb

74 2389 116 2420 27
141 2396 272 2430 parere
300 2387 371 2422 ΘΑ
394 2398 547 2432 parcere
574 2353 666 2422 gisPb
