1614 2549
626 78 858 115 IVLIANVS
884 82 950 115 362
1383 80 1469 124 275

119 175 381 229 adulescens,
412 174 574 228 dextra,
606 188 691 228 qua
721 174 809 216 late
840 174 1125 228 protenditur,
1155 187 1232 227 per
1253 171 1468 227 Sporadas

119 237 184 276 est
215 233 456 275 insulosum
477 236 606 287 atque
627 231 847 287 Cycladas,
879 233 972 274 ideo
1006 233 1067 274 sic
1094 232 1334 286 appellatas
1355 234 1469 287 quod

119 307 266 334 omnes
300 292 498 333 ambiunt
529 292 672 333 Delon
708 295 837 346 partu
869 291 1046 333 deorum
1077 291 1305 345 insignem,
1342 291 1469 333 laeua

118 351 314 393 Imbrum
347 354 389 392 et
419 350 638 392 Tenedum
671 350 956 392 circumluens
989 353 1031 392 et
1051 349 1262 391 Lemnum
1295 352 1337 391 et
1357 349 1469 391 Tha-

83 422 99 448 5
120 425 227 464 sum,
241 410 410 464 quando
430 409 798 464 perflatur,Lesbo
819 409 1016 450 inliditur
1029 409 1275 450 uiolentius.
1307 408 1469 450 3.unde

120 468 368 523 gurgitibus
388 469 534 510 refluis
548 468 768 523 Apollinis
790 467 996 510 Sminthii
1015 467 1226 521 templum
1242 469 1285 508 et
1299 466 1470 509 Troada

119 527 375 582 perstringit
407 530 449 569 et
468 527 599 568 Ilium
630 527 816 568 heroicis
849 527 1020 568 casibus
1047 526 1221 580 claram,
1253 525 1470 580 efficitque

119 586 291 628 Melana
322 586 464 627 sinum
496 586 743 640 oppositum
775 585 984 640 Zepher,
1017 585 1138 626 cuius
1171 584 1284 638 apud
1314 584 1470 638 princi-

118 646 239 699 pium
269 644 444 686 Abdera
475 645 633 686 uisitur
653 644 920 699 Protagorae
952 643 1221 685 domicilium
1253 645 1296 683 et
1314 642 1469 684 Demo-

66 717 99 741 10
120 704 231 757 criti,
263 707 548 758 cruentaeque
579 703 802 744 Diomedis
824 703 1001 744 Thracii
1034 702 1153 744 sedes
1175 704 1217 743 et
1238 701 1470 756 conualles,

117 777 195 817 per
227 777 333 816 quas
364 761 536 803 Hebrus
570 762 654 803 sibi
685 762 902 816 miscetur,
934 764 976 803 et
1007 761 1212 803 Maronea
1244 763 1286 801 et
1311 759 1471 815 Aenus,

120 836 204 876 qua
224 821 329 862 diris
356 820 559 875 auspiciis
593 824 745 874 coepta
769 835 952 874 moxque
972 820 1125 861 relicta
1158 818 1210 860 ad
1230 818 1471 860 Ausoniam

118 883 309 921 ueterem
342 879 472 921 ductu
503 879 730 920 numinum
761 879 1014 933 properauit
1044 878 1228 919 Aeneas.

236 939 275 979 4.
306 937 420 979 Hinc
461 938 747 992 gracilescens
786 937 1000 991 paulatim
1039 940 1081 978 et
1118 935 1241 977 uelut
1276 935 1471 977 naturali

65 1009 99 1035 15
120 997 305 1052 quodam
338 997 595 1038 commercio
627 1011 754 1037 ruens
787 996 832 1036 in
864 995 1052 1037 Pontum
1086 995 1261 1048 eiusque
1298 996 1470 1048 partem

120 1057 172 1097 ad
199 1071 242 1097 se
281 1057 477 1109 iungens,
522 1055 567 1096 in
607 1055 792 1109 speciem
825 1056 861 1096 Φ
900 1054 1072 1095 litterae
1116 1053 1340 1106 formatur,
1373 1053 1471 1094 exin

117 1114 452 1168 Hellespontum
495 1129 520 1155 a
555 1113 766 1168 Rhodopa
811 1113 1026 1166 scindens,
1071 1111 1352 1166 Cynossema,
1389 1111 1472 1152 ubi

119 1173 289 1228 sepulta
328 1173 515 1214 creditur
546 1172 738 1226 Hecuba,
779 1174 821 1213 et
854 1170 1015 1213 Coelan
1051 1169 1390 1225 praeterlabitur
1428 1172 1472 1211 et

119 1236 162 1274 et
188 1232 344 1274 Seston
370 1235 413 1273 et
441 1230 686 1285 Callipolin.
749 1233 899 1272 contra
920 1245 997 1284 per
1017 1229 1204 1271 Achillis
1237 1228 1470 1282 Aiacisque

65 1305 99 1330 20
119 1291 348 1345 sepulchra
367 1290 617 1332 Dardanum
639 1290 852 1344 contingit
878 1292 920 1330 et
940 1288 1137 1343 Abydon,
1167 1287 1280 1328 unde
1311 1286 1470 1328 iunctis

117 1350 322 1405 pontibus
348 1348 511 1390 Xerxes
543 1349 681 1390 maria
712 1348 891 1402 pedibus
924 1347 1186 1401 peragrauit,
1218 1345 1317 1386 dein
1346 1344 1472 1386 Lam-

117 1423 295 1463 psacum
327 1407 612 1449 Themistocli
644 1407 753 1448 dono
787 1406 932 1448 datam
965 1421 990 1447 a
1025 1419 1127 1460 rege
1158 1404 1389 1446 Persarum
1428 1405 1472 1445 et

117 1467 290 1521 Parion,
328 1481 458 1521 quam
497 1466 687 1508 condidit
718 1465 902 1506 Iasionis
941 1465 1058 1506 filius
1089 1463 1227 1505 Paris.
1288 1462 1327 1504 5.
1359 1462 1470 1503 unde

120 1526 332 1568 semiorbe
365 1540 617 1567 curuescens
651 1524 920 1577 altrinsecus,
952 1524 1127 1577 lataque
1161 1521 1355 1575 aperiens
1387 1523 1471 1562 ter·

65 1597 99 1624 25
118 1600 267 1627 rarum
287 1584 488 1638 diuortia,
520 1583 780 1625 circumfluis
813 1583 965 1636 spatiis
986 1580 1276 1635 Propontidos
1307 1594 1471 1633 resper-

119 1644 186 1698 git
217 1658 267 1685 ex
301 1657 377 1684 eoo
409 1643 544 1684 latere
578 1641 780 1697 Cyzicum
813 1644 856 1682 et
887 1641 1117 1695 Dindyma,
1148 1638 1357 1692 religiosa
1380 1637 1471 1679 Ma-

118 1703 198 1744 tris
230 1701 415 1756 Magnae
448 1702 639 1755 delubra,
672 1703 715 1742 et
739 1700 972 1754 Apamiam
993 1698 1215 1752 Ciumque,
1246 1697 1322 1738 ubi
1340 1695 1471 1751 Hyla,

119 1764 265 1803 secuto
285 1763 480 1814 tempore
501 1759 800 1802 Nicomediam
820 1774 844 1800 a
869 1772 970 1813 rege
997 1756 1360 1811 cognominatam,
1387 1770 1472 1809 qua

118 1821 164 1862 in
196 1834 394 1861 occasum
424 1819 619 1874 procedit
651 1816 968 1859 Cherronesum
998 1816 1145 1870 pulsat
1177 1817 1220 1855 et
1250 1814 1472 1867 Aegospo-

66 1893 100 1919 ao
119 1881 277 1933 tamuS,
301 1878 347 1919 in
379 1892 462 1932 quo
494 1878 588 1919 loco
620 1877 784 1930 lapides
818 1889 991 1917 casuros
1024 1889 1075 1915 ex
1107 1873 1225 1915 caelo
1255 1871 1472 1926 praedixit

118 1936 417 1992 Anaxagoras,
450 1939 492 1978 et
522 1934 846 1991 Lysimachiam
879 1937 921 1975 et
947 1934 1183 1986 ciuitatem,
1215 1945 1344 1985 quam
1363 1929 1471 1971 Her-

121 1996 236 2038 cules
278 1995 495 2037 conditam
535 1994 734 2036 Perinthi
776 1993 946 2035 comitis
989 1992 1055 2033 sui
1092 1989 1326 2032 memoriae
1359 1988 1471 2030 dedi-

209 2138 231 2168 4
254 2133 422 2168 Imbrum
450 2133 520 2168 ΘΑ
546 2132 759 2176 imimbrum
788 2130 821 2165 V
845 2129 1014 2165 embrum
1037 2129 1096 2164 Pb
1142 2133 1162 2164 6
1186 2126 1312 2162 refluis
1328 2126 1362 2162 G
1386 2125 1469 2160 fluis

125 2179 193 2214 VP
206 2178 369 2212 fluminis
382 2179 427 2214 ba
475 2182 515 2212 11
531 2179 570 2212 et
585 2177 717 2220 scripsi
734 2176 873 2221 tt[Aen.
892 2174 926 2209 V
972 2177 1012 2209 16
1029 2173 1077 2208 ad
1094 2184 1132 2208 se
1149 2174 1308 2217 iungens
1323 2171 1357 2206 G
1369 2171 1418 2205 ad
1430 2181 1469 2205 se

120 2234 260 2258 uncens
289 2222 358 2257 VP
382 2223 430 2258 ad
455 2233 603 2258 sumens
627 2222 663 2256 A
769 2221 800 2255 Φ
827 2219 991 2254 Graecae
1024 2218 1157 2254 literae
1191 2217 1225 2253 G
1256 2218 1287 2251 Φ
1318 2217 1468 2251 litterae

121 2268 215 2303 caeli
241 2268 294 2311 (et
323 2268 410 2303 add.
435 2268 492 2311 ba)
524 2268 647 2302 terrae
678 2266 767 2301 VPb
832 2268 873 2300 18
899 2264 1037 2300 Coelan
1072 2263 1186 2308 Vqu
1215 2261 1329 2298 Coela
1358 2260 1471 2304 uulyo

120 2316 164 2347 26
189 2323 234 2347 ex
260 2322 303 2346 eo
333 2313 422 2349 VPb
446 2325 470 2347 a
561 2316 602 2346 27
628 2311 694 2346 ubi
717 2310 818 2355 Hyla
843 2309 1053 2345 Gronovius
1081 2308 1148 2343 ubi
1176 2308 1305 2353 hylam
1333 2305 1470 2350 VPbya

121 2359 206 2401 fort.
231 2368 298 2393 scr.
324 2357 390 2392 ubi
449 2357 551 2402 ylam
570 2383 684 2392 .....

1187 2409 1257 2445 18*
